3058 5222
260 442 448 512 Quaestiones
467 443 583 499 criticae
602 443 632 498 in
650 445 849 515 Aristophanis
868 445 988 500 fabulas.
1122 439 1186 504 233

67 624 97 686 in
111 620 284 702 Lysistrsta
302 618 372 680 sine
392 615 488 680 dubio
508 617 553 679 ita
571 619 640 680 orte
656 627 712 700 est,
731 622 768 681 ut
784 617 912 682 codices
928 617 1053 700 Bono,
1069 618 1187 701 quippe

66 727 116 808 qui
134 725 175 787 28
190 722 271 785 locis
287 739 328 784 ex
345 719 409 782 illis
426 721 467 782 32
485 740 558 784 curn
575 721 706 785 scholiis
722 721 881 804 genuinas
897 721 1071 804 praebeant
1086 723 1186 805 scrip·

66 833 153 906 tures,
169 825 306 890 feliciter
322 823 578 906 emendarentur,
594 824 746 888 Rcontra
761 823 871 888 multis
885 823 1088 888 librariorum
1101 826 1187 888 vitiis

67 931 244 1012 inquinatus
268 932 515 990 manutentum
541 928 721 1010 corrigente
745 933 876 992 careret

149 1033 322 1114 Pergamus
346 1029 386 1093 ad
409 1049 463 1094 eas
486 1030 651 1110 lectiones,
676 1029 793 1113 quibus
817 1030 938 1094 scholia
962 1033 995 1094 et
1018 1051 1036 1094 5
1060 1031 1088 1096 R
1113 1037 1144 1094 et
1169 1052 1188 1094 a

65 1138 160 1200 Vaut
177 1136 216 1198 ab
236 1137 285 1216 iis,
309 1135 365 1216 qui
384 1153 442 1218 pro
459 1134 490 1196 V
506 1140 589 1214 sunt,
608 1133 775 1198 codicibus
794 1133 996 1198 dissentiunt
1020 1134 1088 1197 Iam
1109 1153 1188 1198 enu-

65 1257 218 1304 meramus
234 1256 357 1317 versus
377 1257 458 1319 quos
474 1239 507 1300 in
524 1237 636 1320 capitis
648 1237 699 1300 ΙΠ
716 1240 735 1318 ξ
753 1240 770 1300 7
789 1236 996 1320 protulimus:
1016 1239 1056 1300 18
1073 1239 1109 1299 in
1122 1237 1188 1319 sq,

66 1344 103 1405 25
125 1344 158 1405 in
181 1342 245 1422 Ra,
270 1343 312 1403 34
336 1341 370 1403 in
394 1339 463 1420 Nb,
488 1343 529 1403 31
550 1341 584 1402 in
603 1339 659 1422 Pl,
686 1341 724 1403 11
745 1341 780 1402 in
795 1342 855 1403 Au.
881 1341 922 1403 30
943 1341 977 1402 in
992 1339 1063 1423 Vp,
1088 1342 1129 1403 22
1154 1341 1189 1404 in

65 1445 127 1524 Pc,
151 1447 191 1508 22
215 1445 249 1507 in
271 1444 367 1524 Ach,
393 1446 411 1505 3
436 1445 471 1506 in
496 1443 563 1524 llo,
588 1444 667 1505 415
692 1442 758 1522 Ls,
786 1445 825 1506 13
851 1445 884 1505 in
908 1443 963 1506 Th.
998 1442 1122 1519 Quibus
1147 1463 1187 1508 ex

64 1549 137 1612 locis
164 1568 229 1612 non
258 1547 406 1629 sequitur
432 1545 677 1610 fundamentum
708 1547 905 1611 scholiorum
932 1552 1058 1610 textum
1087 1546 1189 1612 fuisse

65 1651 204 1714 codicum
229 1653 412 1714 nostrorum
438 1649 695 1712 dissimillimum.
730 1649 813 1713 Nam
832 1648 919 1731 quod
938 1649 1060 1712 scholia
1078 1655 1189 1714 contra

64 1753 89 1818 R
107 1763 138 1818 et
152 1755 181 1814 V
197 1762 254 1816 aut
273 1772 328 1816 eos
344 1752 452 1832 libros,
477 1753 532 1834 qui
552 1772 608 1834 pro
625 1753 656 1812 V
672 1757 748 1816 suni
770 1753 804 1815 in
825 1753 905 1816 Ach.
922 1751 978 1815 Ec.
995 1751 1046 1814 Ls.
1062 1751 1188 1834 fabuliS,

63 1877 149 1920 veros
171 1855 393 1941 probabilesre
417 1855 570 1938 praebent
593 1857 768 1938 scripturas
792 1855 886 1918 locis:

147 1963 166 2024 8
190 1962 224 2023 in
249 1960 306 2042 Eq.
323 1979 386 2022 uss.
406 1961 456 2040 11,
473 1961 525 2036 26,
544 1961 618 2038 278,
636 1960 709 2040 289,
727 1961 801 2040 385,
817 1961 892 2038 437,
910 1960 974 2021 635
985 1957 1051 2038 bis·,

148 2066 188 2126 13
210 2065 243 2125 in
260 2063 316 2126 Ra.
330 2082 391 2125 vss
409 2064 456 2132 18,
474 2063 548 2142 208,
567 2063 641 2142 226,
658 2063 732 2142 243,
750 2064 824 2142 340,
841 2063 915 2142 372,
933 2064 1008 2142 378,
1025 2063 1100 2143 422,
1114 2063 1188 2143 800,

64 2167 223 2246 925971,
242 2167 337 2248 1000,
357 2165 459 2242 1112;

148 2273 188 2333 15
212 2271 246 2332 in
271 2269 331 2332 Nb.
352 2288 413 2332 vss.
441 2269 514 2348 121,
538 2270 610 2347 134,
633 2269 706 2348 195,
729 2269 803 2347 243,
825 2270 899 2348 300,
921 2270 996 2350 307,
1016 2270 1092 2349 409,
1114 2270 1188 2350 507,

63 2377 132 2454 571,
150 2375 223 2454 688,
242 2374 337 2453 1001,
357 2373 452 2451 1006,
471 2373 566 2452 1256,
589 2373 683 2452 1277,
702 2373 805 2448 1298;

148 2479 188 2540 15
213 2478 246 2540 in
271 2475 318 2540 Pl.
341 2495 402 2539 vss
428 2477 500 2547 148,
525 2477 599 2555 316,
622 2476 697 2557 401,
721 2476 795 2556 428,
819 2477 893 2556 493,
917 2477 991 2556 516,
1017 2476 1090 2557 635,
1115 2475 1188 2555 673,

63 2579 711 2662 701,702,721,729,731,845,1096;

147 2685 166 2746 3
191 2684 225 2746 in
245 2685 454 2760 Auvss35,
472 2683 568 2762 1007,
587 2683 690 2758 1693;

147 2789 186 2850 17
213 2787 248 2848 in
264 2787 325 2868 Vp.
342 2805 404 2848 vss.
426 2787 477 2866 36,
495 2785 546 2862 90,
564 2786 637 2866 505,
656 2786 730 2864 572,
748 2785 821 2864 674,
839 2786 912 2864 704,
931 2786 1005 2865 783,
1022 2785 1096 2866 890,
1115 2787 1189 2866 983,

64 2890 154 2958 1050,
173 2890 382 2970 1091,1111,
401 2890 497 2968 1120,
516 2889 611 2966 1221,
630 2890 724 2966 1455,
744 2889 839 2966 1510,
858 2889 960 2965 1534,

147 2996 167 3056 8
190 2993 224 3054 in
249 2992 303 3056 Pc.
321 3011 382 3055 vss.
405 2993 479 3070 218,
501 2992 575 3068 303,
598 2992 672 3068 562,
695 2991 768 3070 628,
787 2991 860 3070 676,
878 2992 952 3070 907,
971 2992 1066 3072 1000,
1086 2992 1187 3070 1112;

147 3099 166 3158 5
191 3096 225 3157 in
241 3095 322 3159 Ach.
339 3113 402 3158 vss.
420 3095 471 3174 26,
488 3097 540 3174 35,
559 3095 632 3174 772,
651 3095 724 3172 971,
743 3095 846 3170 1097,

147 3201 167 3261 2
191 3200 226 3261 in
250 3198 304 3261 Ec.
321 3217 382 3260 vss
402 3199 474 3278 150,
492 3199 575 3274 288;

145 3304 165 3365 3
190 3304 224 3364 in
249 3300 299 3364 Ls.
315 3321 377 3364 use.
397 3302 448 3380 63,
466 3303 539 3381 357,
558 3301 639 3377 676;

148 3406 188 3467 12
214 3406 249 3467 in
272 3403 327 3467 Th.
345 3423 407 3467 vss.
424 3405 476 3481 21,
494 3407 545 3484 39,
565 3405 637 3482 179,
655 3403 728 3482 220,
746 3403 820 3482 273,
838 3404 912 3482 291,
929 3405 1005 3485 356,
1023 3404 1097 3484 834,
1115 3403 1188 3482 910,

62 3509 130 3574 947,
149 3510 245 3587 1197,
265 3508 367 3583 1227;

60 3609 106 3673 his
129 3610 281 3674 omnibus
304 3610 383 3674 locis
407 3609 488 3673 nihil
512 3609 649 3692 amplius
673 3607 900 3691 comprobatur
922 3628 1019 3690 quam
1048 3606 1188 3686 scholiis

61 3715 176 3798 quippe
196 3733 271 3778 curn
291 3716 448 3776 vetustate
469 3713 597 3777 codices
616 3717 743 3775 nostros
762 3711 857 3794 longe
877 3714 1037 3794 superent,
1062 3716 1188 3774 textum

61 3817 198 3897 subesse,
227 3817 282 3898 qui
312 3817 528 3899 archetypum
555 3816 656 3878 multo
686 3813 804 3878 clarius
832 3821 928 3896 atque
956 3815 1115 3878 sincerius
1139 3814 1189 3893 iis,

60 3920 110 3999 qui
134 3920 176 3983 ad
199 3939 259 3983 nos
284 3922 509 4002 pervenerunt,
533 3918 624 3981 libris
648 3918 781 3982 effinxit
803 3925 899 4000 atque
922 3919 1090 4000 expressit.

144 4023 259 4105 Neque
283 4022 423 4086 alienum
448 4027 499 4086 est
521 4040 652 4086 monere
672 4027 799 4104 praeter
818 4025 941 4086 ceteros
966 4021 1094 4086 codices
1110 4025 1189 4082 Arn-

60 4123 244 4190 brosianum
276 4125 307 4188 hl
336 4128 369 4189 et
397 4126 581 4189 Parisinum
605 4127 735 4188 Aoum
762 4125 893 4188 scholiis
923 4127 1033 4188 contra
1055 4124 1084 4188 R
1107 4128 1139 4186 et
1159 4123 1188 4184 V

60 4230 213 4306 genuinas
229 4228 385 4292 lectiones
400 4230 572 4293 retinuisse
587 4227 789 4308 gravioribus
808 4227 887 4291 locis
904 4227 962 4308 Eq.
976 4229 1049 4308 289,
1066 4227 1121 4290 Ra.
1137 4229 1188 4306 18,

61 4330 129 4397 208.
147 4334 223 4412 971,
238 4333 334 4413 1112,
354 4331 413 4395 Nb.
431 4333 505 4412 243,
523 4334 597 4410 307,
613 4331 707 4407 1001,
722 4331 817 4407 1006,
832 4331 927 4406 1256,
944 4331 1037 4410 1277,
1053 4329 1099 4393 Pl.
1113 4331 1187 4414 316,
