<?xml version="1.0" encoding="UTF-8"?>
<!DOCTYPE html PUBLIC "-//W3C//DTD XHTML 1.0 Transitional//EN"
    "http://www.w3.org/TR/xhtml1/DTD/xhtml1-transitional.dtd">
<html xmlns="http://www.w3.org/1999/xhtml" xml:lang="en" lang="en">
 <head>
  <title>
</title>
<meta http-equiv="Content-Type" content="text/html;charset=utf-8" />
  <meta name='ocr-system' content='tesseract 3.04.00' />
  <meta name='ocr-capabilities' content='ocr_page ocr_carea ocr_par ocr_line ocrx_word'/>
</head>
<body>
  <div class='ocr_page' id='page_1' title='image "./dissertationesp00unkngoog_0081.png"; bbox 0 0 3184 5234; ppageno 0'>
   <div class='ocr_carea' id='block_1_1' title="bbox 330 514 1035 584">
    <p class='ocr_par' dir='ltr' id='par_1_1' title="bbox 330 514 1035 584">
     <span class='ocr_line' id='line_1_1' title="bbox 330 514 1035 584; baseline -0.004 -13"><span class='ocrx_word' id='word_1_1' title='bbox 330 516 372 580; x_wconf 90' lang='grc'><strong>68</strong></span> <span class='ocrx_word' id='word_1_2' title='bbox 754 516 871 573; x_wconf 83' lang='lat' dir='ltr'><strong>Victor</strong></span> <span class='ocrx_word' id='word_1_3' title='bbox 889 514 1035 584; x_wconf 82' lang='lat' dir='ltr'><strong>ConIon,</strong></span> 
     </span>
    </p>
   </div>
   <div class='ocr_carea' id='block_1_2' title="bbox 353 690 867 1067">
    <p class='ocr_par' dir='ltr' id='par_1_2' title="bbox 353 690 867 1067">
     <span class='ocr_line' id='line_1_2' title="bbox 353 690 867 877; baseline 0 -19"><span class='ocrx_word' id='word_1_4' title='bbox 353 717 410 756; x_wconf 59' lang='lat' dir='ltr'><em>m</em></span> <span class='ocrx_word' id='word_1_5' title='bbox 441 795 527 859; x_wconf 82' lang='lat' dir='ltr'><strong>“huo</strong></span> <span class='ocrx_word' id='word_1_6' title='bbox 539 814 557 858; x_wconf 92' lang='grc' dir='ltr'>ο</span> <span class='ocrx_word' id='word_1_7' title='bbox 570 690 699 857; x_wconf 43' lang='grc' dir='ltr'><strong>νὲ1499</strong></span> <span class='ocrx_word' id='word_1_8' title='bbox 713 795 867 877; x_wconf 76' lang='lat' dir='ltr'>migrasse</span> 
     </span>
     <span class='ocr_line' id='line_1_3' title="bbox 440 895 867 982; baseline -0.007 -19"><span class='ocrx_word' id='word_1_9' title='bbox 440 899 597 982; x_wconf 87' lang='lat' dir='ltr'><strong>suspicari</strong></span> <span class='ocrx_word' id='word_1_10' title='bbox 629 895 738 976; x_wconf 85' lang='lat' dir='ltr'><strong>licet”‚</strong></span> <span class='ocrx_word' id='word_1_11' title='bbox 772 895 867 979; x_wconf 87' lang='lat' dir='ltr'><strong>Blay-</strong></span> 
     </span>
     <span class='ocr_line' id='line_1_4' title="bbox 440 1002 557 1067; baseline -0.009 -3"><span class='ocrx_word' id='word_1_12' title='bbox 440 1002 557 1067; x_wconf 89' lang='lat' dir='ltr'><strong>desius.</strong></span> 
     </span>
    </p>
   </div>
   <div class='ocr_carea' id='block_1_3' title="bbox 836 1160 951 1222">
    <p class='ocr_par' dir='ltr' id='par_1_3' title="bbox 836 1160 951 1222">
     <span class='ocr_line' id='line_1_5' title="bbox 836 1160 951 1222; baseline 0.009 -1"><span class='ocrx_word' id='word_1_13' title='bbox 836 1160 951 1222; x_wconf 80' lang='lat' dir='ltr'><strong>Pacis:</strong></span> 
     </span>
    </p>
   </div>
   <div class='ocr_carea' id='block_1_4' title="bbox 352 1299 1465 1486">
    <p class='ocr_par' dir='ltr' id='par_1_4' title="bbox 352 1299 1465 1486">
     <span class='ocr_line' id='line_1_6' title="bbox 352 1299 1464 1382; baseline -0.002 -18"><span class='ocrx_word' id='word_1_14' title='bbox 352 1302 416 1364; x_wconf 83' lang='lat'><strong>542</strong></span> <span class='ocrx_word' id='word_1_15' title='bbox 441 1302 571 1365; x_wconf 91' lang='grc' dir='ltr'>κυάθοις</span> <span class='ocrx_word' id='word_1_16' title='bbox 595 1301 815 1379; x_wconf 84' lang='grc' dir='ltr'>προςκείμεναι</span> <span class='ocrx_word' id='word_1_17' title='bbox 922 1303 1064 1367; x_wconf 92' lang='grc' dir='ltr'>κυάθους</span> <span class='ocrx_word' id='word_1_18' title='bbox 1103 1302 1322 1380; x_wconf 79' lang='grc' dir='ltr'>προςκείμεναι</span> <span class='ocrx_word' id='word_1_19' title='bbox 1363 1299 1464 1382; x_wconf 92' lang='lat' dir='ltr'><strong>(idem</strong></span> 
     </span>
     <span class='ocr_line' id='line_1_7' title="bbox 441 1399 1465 1486; baseline -0.004 -18"><span class='ocrx_word' id='word_1_20' title='bbox 441 1424 515 1468; x_wconf 90' lang='lat' dir='ltr'><strong>oum</strong></span> <span class='ocrx_word' id='word_1_21' title='bbox 539 1404 565 1468; x_wconf 90' lang='lat' dir='ltr'><strong>B</strong></span> <span class='ocrx_word' id='word_1_22' title='bbox 590 1403 661 1469; x_wconf 80' lang='lat' dir='ltr'><strong>Ald.</strong></span> <span class='ocrx_word' id='word_1_23' title='bbox 922 1399 984 1468; x_wconf 74' lang='lat' dir='ltr'><strong>S⁰V</strong></span> <span class='ocrx_word' id='word_1_24' title='bbox 998 1401 1070 1486; x_wconf 63' lang='lat' dir='ltr'><strong>Me(²)</strong></span> <span class='ocrx_word' id='word_1_25' title='bbox 1092 1423 1117 1466; x_wconf 90' lang='lat' dir='ltr'><strong>r.</strong></span> <span class='ocrx_word' id='word_1_26' title='bbox 1157 1403 1203 1468; x_wconf 82' lang='lat' dir='ltr'><strong>cf.</strong></span> <span class='ocrx_word' id='word_1_27' title='bbox 1220 1403 1354 1467; x_wconf 81' lang='lat' dir='ltr'><strong>similem</strong></span> <span class='ocrx_word' id='word_1_28' title='bbox 1385 1421 1465 1466; x_wconf 88' lang='lat' dir='ltr'><strong>oon-</strong></span> 
     </span>
    </p>
   </div>
   <div class='ocr_carea' id='block_1_5' title="bbox 331 1505 1464 2601">
    <p class='ocr_par' dir='ltr' id='par_1_5' title="bbox 331 1505 1464 2601">
     <span class='ocr_line' id='line_1_8' title="bbox 922 1505 1463 1572; baseline -0.007 0"><span class='ocrx_word' id='word_1_29' title='bbox 922 1507 1131 1572; x_wconf 82' lang='lat' dir='ltr'><strong>structionem</strong></span> <span class='ocrx_word' id='word_1_30' title='bbox 1148 1507 1208 1572; x_wconf 90' lang='lat' dir='ltr'><strong>Nb.</strong></span> <span class='ocrx_word' id='word_1_31' title='bbox 1222 1508 1264 1570; x_wconf 77' lang='lat'><strong>72</strong></span> <span class='ocrx_word' id='word_1_32' title='bbox 1285 1511 1316 1570; x_wconf 90' lang='lat' dir='ltr'><strong>et</strong></span> <span class='ocrx_word' id='word_1_33' title='bbox 1334 1505 1389 1570; x_wconf 82' lang='lat' dir='ltr'><strong>llo.</strong></span> <span class='ocrx_word' id='word_1_34' title='bbox 1402 1505 1463 1568; x_wconf 85' lang='lat'><strong>80:</strong></span> 
     </span>
     <span class='ocr_line' id='line_1_9' title="bbox 923 1612 1464 1692; baseline -0.007 -17"><span class='ocrx_word' id='word_1_35' title='bbox 923 1613 1080 1690; x_wconf 76' lang='grc' dir='ltr'>διφθέραν</span> <span class='ocrx_word' id='word_1_36' title='bbox 1115 1612 1290 1690; x_wconf 83' lang='grc' dir='ltr'>ἐνημμένος</span> <span class='ocrx_word' id='word_1_37' title='bbox 1325 1629 1382 1692; x_wconf 89' lang='lat' dir='ltr'><strong>pro</strong></span> <span class='ocrx_word' id='word_1_38' title='bbox 1416 1613 1464 1672; x_wconf 85' lang='grc' dir='ltr'><strong>δι-</strong></span> 
     </span>
     <span class='ocr_line' id='line_1_10' title="bbox 922 1713 1364 1793; baseline -0.007 -14"><span class='ocrx_word' id='word_1_39' title='bbox 922 1716 1049 1793; x_wconf 89' lang='grc' dir='ltr'>φθέραν</span> <span class='ocrx_word' id='word_1_40' title='bbox 1073 1713 1157 1792; x_wconf 82' lang='grc' dir='ltr'>ἔχων</span> <span class='ocrx_word' id='word_1_41' title='bbox 1182 1714 1364 1792; x_wconf 86' lang='grc' dir='ltr'>ἐνημμένην.</span> 
     </span>
     <span class='ocr_line' id='line_1_11' title="bbox 352 1816 1315 1899; baseline 0 -19"><span class='ocrx_word' id='word_1_42' title='bbox 352 1818 417 1880; x_wconf 85' lang='grc'><strong>628</strong></span> <span class='ocrx_word' id='word_1_43' title='bbox 441 1819 616 1895; x_wconf 83' lang='grc' dir='ltr'>κορώνεων</span> <span class='ocrx_word' id='word_1_44' title='bbox 645 1836 719 1880; x_wconf 91' lang='lat' dir='ltr'><strong>cum</strong></span> <span class='ocrx_word' id='word_1_45' title='bbox 743 1816 769 1880; x_wconf 91' lang='lat' dir='ltr'><strong>B</strong></span> <span class='ocrx_word' id='word_1_46' title='bbox 794 1817 866 1880; x_wconf 87' lang='lat' dir='ltr'><strong>Ald.</strong></span> <span class='ocrx_word' id='word_1_47' title='bbox 1076 1817 1315 1899; x_wconf 58' lang='lat' dir='ltr'><strong>xopovmovlss</strong></span> 
     </span>
     <span class='ocr_line' id='line_1_12' title="bbox 353 1920 1282 2003; baseline -0.002 -19"><span class='ocrx_word' id='word_1_48' title='bbox 353 1921 417 1984; x_wconf 84' lang='grc'><strong>640</strong></span> <span class='ocrx_word' id='word_1_49' title='bbox 440 1924 556 2000; x_wconf 87' lang='grc' dir='ltr'>φρονεῖ</span> <span class='ocrx_word' id='word_1_50' title='bbox 578 1939 652 1983; x_wconf 91' lang='lat' dir='ltr'><strong>cum</strong></span> <span class='ocrx_word' id='word_1_51' title='bbox 676 1920 703 1984; x_wconf 93' lang='lat' dir='ltr'>B</span> <span class='ocrx_word' id='word_1_52' title='bbox 727 1920 799 1984; x_wconf 84' lang='lat' dir='ltr'><strong>Ald.</strong></span> <span class='ocrx_word' id='word_1_53' title='bbox 1107 1920 1282 2003; x_wconf 79' lang='lat' dir='ltr'><strong>ppovoi††</strong></span> 
     </span>
     <span class='ocr_line' id='line_1_13' title="bbox 331 2022 1300 2105; baseline 0.001 -19"><span class='ocrx_word' id='word_1_54' title='bbox 331 2024 416 2087; x_wconf 88' lang='grc'><strong>1029</strong></span> <span class='ocrx_word' id='word_1_55' title='bbox 442 2024 546 2088; x_wconf 87' lang='grc' dir='ltr'>ὁπάςα</span> <span class='ocrx_word' id='word_1_56' title='bbox 570 2043 646 2087; x_wconf 90' lang='lat' dir='ltr'><strong>cum</strong></span> <span class='ocrx_word' id='word_1_57' title='bbox 669 2023 694 2086; x_wconf 91' lang='lat' dir='ltr'>B</span> <span class='ocrx_word' id='word_1_58' title='bbox 720 2023 790 2087; x_wconf 85' lang='lat' dir='ltr'><strong>Ald.</strong></span> <span class='ocrx_word' id='word_1_59' title='bbox 1086 2022 1179 2087; x_wconf 87' lang='grc' dir='ltr'>ὁπός’</span> <span class='ocrx_word' id='word_1_60' title='bbox 1205 2022 1300 2105; x_wconf 62' lang='lat' dir='ltr'><strong>deti</strong></span> 
     </span>
     <span class='ocr_line' id='line_1_14' title="bbox 332 2121 1405 2210; baseline 0 -20"><span class='ocrx_word' id='word_1_61' title='bbox 332 2128 415 2191; x_wconf 89' lang='grc'><strong>1031</strong></span> <span class='ocrx_word' id='word_1_62' title='bbox 442 2129 535 2208; x_wconf 84' lang='grc' dir='ltr'>φρενὶ</span> <span class='ocrx_word' id='word_1_63' title='bbox 547 2129 597 2190; x_wconf 84' lang='grc' dir='ltr'><strong>καὶ</strong></span> <span class='ocrx_word' id='word_1_64' title='bbox 611 2129 673 2208; x_wconf 87' lang='grc' dir='ltr'>(καὶ</span> <span class='ocrx_word' id='word_1_65' title='bbox 686 2145 746 2189; x_wconf 89' lang='lat' dir='ltr'><strong>om.</strong></span> <span class='ocrx_word' id='word_1_66' title='bbox 759 2121 868 2190; x_wconf 60' lang='lat' dir='ltr'><strong>SAGVE</strong></span> <span class='ocrx_word' id='word_1_67' title='bbox 983 2129 1077 2206; x_wconf 73' lang='lat' dir='ltr'><strong>rpperi</strong></span> <span class='ocrx_word' id='word_1_68' title='bbox 1099 2126 1225 2210; x_wconf 85' lang='grc' dir='ltr'>πορίμῳ</span> <span class='ocrx_word' id='word_1_69' title='bbox 1248 2147 1282 2190; x_wconf 94' lang='grc' dir='ltr'>τε</span> <span class='ocrx_word' id='word_1_70' title='bbox 1303 2128 1405 2208; x_wconf 83' lang='grc' dir='ltr'>τόλμῃ</span> 
     </span>
     <span class='ocr_line' id='line_1_15' title="bbox 441 2226 867 2312; baseline 0.005 -3"><span class='ocrx_word' id='word_1_71' title='bbox 441 2226 512 2309; x_wconf 70' lang='lat' dir='ltr'><strong>Mell</strong></span> <span class='ocrx_word' id='word_1_72' title='bbox 557 2230 684 2312; x_wconf 77' lang='grc' dir='ltr'>πορίμῳ</span> <span class='ocrx_word' id='word_1_73' title='bbox 730 2229 867 2312; x_wconf 66' lang='lat' dir='ltr'><strong>orum</strong></span> 
     </span>
     <span class='ocr_line' id='line_1_16' title="bbox 442 2331 869 2414; baseline -0.002 -19"><span class='ocrx_word' id='word_1_74' title='bbox 442 2331 532 2395; x_wconf 87' lang='lat' dir='ltr'>Idem</span> <span class='ocrx_word' id='word_1_75' title='bbox 556 2332 582 2396; x_wconf 90' lang='lat' dir='ltr'><strong>B</strong></span> <span class='ocrx_word' id='word_1_76' title='bbox 606 2331 688 2414; x_wconf 83' lang='lat' dir='ltr'><strong>Ald,</strong></span> <span class='ocrx_word' id='word_1_77' title='bbox 712 2331 767 2396; x_wconf 88' lang='lat' dir='ltr'><strong>sed</strong></span> <span class='ocrx_word' id='word_1_78' title='bbox 793 2332 869 2394; x_wconf 86' lang='lat' dir='ltr'><strong>arti-</strong></span> 
     </span>
     <span class='ocr_line' id='line_1_17' title="bbox 442 2433 868 2519; baseline -0.002 -21"><span class='ocrx_word' id='word_1_79' title='bbox 442 2433 515 2498; x_wconf 94' lang='lat' dir='ltr'><strong>oulo</strong></span> <span class='ocrx_word' id='word_1_80' title='bbox 537 2442 574 2518; x_wconf 81' lang='grc' dir='ltr'>τῇ</span> <span class='ocrx_word' id='word_1_81' title='bbox 599 2441 672 2498; x_wconf 85' lang='lat' dir='ltr'><strong>anta</strong></span> <span class='ocrx_word' id='word_1_82' title='bbox 695 2436 796 2519; x_wconf 82' lang='grc' dir='ltr'>τόλμῃ</span> <span class='ocrx_word' id='word_1_83' title='bbox 820 2436 868 2497; x_wconf 93' lang='lat' dir='ltr'><strong>in-</strong></span> 
     </span>
     <span class='ocr_line' id='line_1_18' title="bbox 442 2539 535 2601; baseline 0 -1"><span class='ocrx_word' id='word_1_84' title='bbox 442 2539 535 2601; x_wconf 79' lang='lat' dir='ltr'><strong>serto,</strong></span> 
     </span>
    </p>
   </div>
   <div class='ocr_carea' id='block_1_6' title="bbox 755 2707 929 2788">
    <p class='ocr_par' dir='ltr' id='par_1_6' title="bbox 755 2707 929 2788">
     <span class='ocr_line' id='line_1_19' title="bbox 755 2707 929 2788; baseline -0.006 -18"><span class='ocrx_word' id='word_1_85' title='bbox 755 2735 766 2756; x_wconf 88' lang='lat'><strong>·</strong></span> <span class='ocrx_word' id='word_1_86' title='bbox 857 2707 929 2788; x_wconf 73' lang='lat' dir='ltr'><strong>§a</strong></span> 
     </span>
    </p>
   </div>
   <div class='ocr_carea' id='block_1_7' title="bbox 420 2849 1591 2934">
    <p class='ocr_par' dir='ltr' id='par_1_7' title="bbox 420 2849 1591 2934">
     <span class='ocr_line' id='line_1_20' title="bbox 420 2849 1591 2934; baseline 0.002 -22"><span class='ocrx_word' id='word_1_87' title='bbox 420 2849 487 2912; x_wconf 90' lang='lat' dir='ltr'><strong>lam</strong></span> <span class='ocrx_word' id='word_1_88' title='bbox 512 2849 552 2914; x_wconf 92' lang='lat' dir='ltr'><strong>de</strong></span> <span class='ocrx_word' id='word_1_89' title='bbox 570 2851 611 2913; x_wconf 91' lang='lat' dir='ltr'><strong>iis</strong></span> <span class='ocrx_word' id='word_1_90' title='bbox 627 2849 804 2914; x_wconf 78' lang='lat' dir='ltr'><strong>disseratur</strong></span> <span class='ocrx_word' id='word_1_91' title='bbox 818 2851 907 2932; x_wconf 71' lang='lat' dir='ltr'><strong>loeis</strong></span> <span class='ocrx_word' id='word_1_92' title='bbox 932 2870 1013 2933; x_wconf 93' lang='lat' dir='ltr'><strong>quos</strong></span> <span class='ocrx_word' id='word_1_93' title='bbox 1030 2853 1181 2916; x_wconf 88' lang='lat' dir='ltr'><strong>asterisco</strong></span> <span class='ocrx_word' id='word_1_94' title='bbox 1198 2851 1466 2934; x_wconf 77' lang='lat' dir='ltr'><strong>significavimus.</strong></span> <span class='ocrx_word' id='word_1_95' title='bbox 1590 2867 1591 2914; x_wconf 67' lang='grc' dir='ltr'>λ</span> 
     </span>
    </p>
   </div>
   <div class='ocr_carea' id='block_1_8' title="bbox 239 2952 1467 3450">
    <p class='ocr_par' dir='ltr' id='par_1_8' title="bbox 239 2952 1467 3450">
     <span class='ocr_line' id='line_1_21' title="bbox 420 2952 1466 3036; baseline 0.002 -21"><span class='ocrx_word' id='word_1_96' title='bbox 420 2952 458 3015; x_wconf 92' lang='lat' dir='ltr'><strong>ln</strong></span> <span class='ocrx_word' id='word_1_97' title='bbox 482 2952 646 3017; x_wconf 88' lang='lat' dir='ltr'><strong>Nubium</strong></span> <span class='ocrx_word' id='word_1_98' title='bbox 670 2974 699 3017; x_wconf 90' lang='lat' dir='ltr'><strong>v.</strong></span> <span class='ocrx_word' id='word_1_99' title='bbox 718 2955 782 3018; x_wconf 84' lang='grc'><strong>876</strong></span> <span class='ocrx_word' id='word_1_100' title='bbox 803 2954 984 3036; x_wconf 89' lang='lat' dir='ltr'><strong>scribendo,</strong></span> <span class='ocrx_word' id='word_1_101' title='bbox 1001 2973 1097 3036; x_wconf 91' lang='lat' dir='ltr'><strong>quem</strong></span> <span class='ocrx_word' id='word_1_102' title='bbox 1114 2954 1144 3018; x_wconf 86' lang='lat' dir='ltr'><strong>S.</strong></span> <span class='ocrx_word' id='word_1_103' title='bbox 1160 2973 1184 3018; x_wconf 87' lang='lat' dir='ltr'><strong>s.</strong></span> <span class='ocrx_word' id='word_1_104' title='bbox 1202 2975 1229 3016; x_wconf 86' lang='grc' dir='ltr'><strong>ν.</strong></span> <span class='ocrx_word' id='word_1_105' title='bbox 1244 2955 1398 3017; x_wconf 89' lang='grc' dir='ltr'>τάλαντος</span> <span class='ocrx_word' id='word_1_106' title='bbox 1415 2954 1466 3017; x_wconf 88' lang='lat' dir='ltr'><strong>sic</strong></span> 
     </span>
     <span class='ocr_line' id='line_1_22' title="bbox 330 3058 1466 3140; baseline 0 -20"><span class='ocrx_word' id='word_1_107' title='bbox 330 3059 467 3140; x_wconf 82' lang='lat' dir='ltr'>profert:</span> <span class='ocrx_word' id='word_1_108' title='bbox 493 3059 591 3122; x_wconf 82' lang='grc' dir='ltr'>καίτοι</span> <span class='ocrx_word' id='word_1_109' title='bbox 609 3059 765 3121; x_wconf 85' lang='grc' dir='ltr'>ταλάντου</span> <span class='ocrx_word' id='word_1_110' title='bbox 781 3058 869 3122; x_wconf 82' lang='grc' dir='ltr'>τοῦτ’</span> <span class='ocrx_word' id='word_1_111' title='bbox 886 3058 1000 3136; x_wconf 85' lang='grc' dir='ltr'>ἔμαθεν</span> <span class='ocrx_word' id='word_1_112' title='bbox 1018 3059 1214 3137; x_wconf 73' lang='grc' dir='ltr'>Ὑπέρβολος</span> <span class='ocrx_word' id='word_1_113' title='bbox 1231 3060 1374 3140; x_wconf 90' lang='lat' dir='ltr'><strong>itemque</strong></span> <span class='ocrx_word' id='word_1_114' title='bbox 1394 3075 1417 3120; x_wconf 91' lang='lat' dir='ltr'><strong>s.</strong></span> <span class='ocrx_word' id='word_1_115' title='bbox 1435 3077 1466 3120; x_wconf 94' lang='lat' dir='ltr'><strong>v.</strong></span> 
     </span>
     <span class='ocr_line' id='line_1_23' title="bbox 331 3159 1467 3244; baseline -0.002 -20"><span class='ocrx_word' id='word_1_116' title='bbox 331 3160 568 3238; x_wconf 84' lang='grc' dir='ltr'>ἀναπειςτηρίαν</span> <span class='ocrx_word' id='word_1_117' title='bbox 588 3160 646 3224; x_wconf 91' lang='lat' dir='ltr'><strong>sed</strong></span> <span class='ocrx_word' id='word_1_118' title='bbox 665 3161 755 3240; x_wconf 87' lang='grc' dir='ltr'>ἔμαθ’</span> <span class='ocrx_word' id='word_1_119' title='bbox 774 3180 832 3244; x_wconf 93' lang='lat' dir='ltr'><strong>pro</strong></span> <span class='ocrx_word' id='word_1_120' title='bbox 857 3161 982 3242; x_wconf 83' lang='grc' dir='ltr'>ἔμαθεν,</span> <span class='ocrx_word' id='word_1_121' title='bbox 1007 3181 1083 3225; x_wconf 91' lang='lat' dir='ltr'><strong>oum</strong></span> <span class='ocrx_word' id='word_1_122' title='bbox 1106 3160 1165 3224; x_wconf 85' lang='lat' dir='ltr'><strong>RV</strong></span> <span class='ocrx_word' id='word_1_123' title='bbox 1184 3159 1373 3244; x_wconf 88' lang='lat' dir='ltr'><strong>praebeant:</strong></span> <span class='ocrx_word' id='word_1_124' title='bbox 1399 3163 1467 3222; x_wconf 85' lang='grc' dir='ltr'>καί·</span> 
     </span>
     <span class='ocr_line' id='line_1_24' title="bbox 330 3261 1466 3348; baseline 0 -24"><span class='ocrx_word' id='word_1_125' title='bbox 330 3283 379 3326; x_wconf 85' lang='grc' dir='ltr'>τοι</span> <span class='ocrx_word' id='word_1_126' title='bbox 401 3282 437 3337; x_wconf 86' lang='grc' dir='ltr'><strong>γε</strong></span> <span class='ocrx_word' id='word_1_127' title='bbox 460 3266 525 3326; x_wconf 87' lang='grc' dir='ltr'>ταλ.</span> <span class='ocrx_word' id='word_1_128' title='bbox 542 3266 613 3344; x_wconf 82' lang='grc' dir='ltr'>κτλ,</span> <span class='ocrx_word' id='word_1_129' title='bbox 638 3262 776 3326; x_wconf 84' lang='lat' dir='ltr'><strong>editores</strong></span> <span class='ocrx_word' id='word_1_130' title='bbox 792 3265 827 3325; x_wconf 90' lang='lat' dir='ltr'><strong>in</strong></span> <span class='ocrx_word' id='word_1_131' title='bbox 843 3263 986 3327; x_wconf 90' lang='lat' dir='ltr'><strong>diversas</strong></span> <span class='ocrx_word' id='word_1_132' title='bbox 1002 3270 1108 3348; x_wconf 86' lang='lat' dir='ltr'><strong>partes</strong></span> <span class='ocrx_word' id='word_1_133' title='bbox 1125 3263 1302 3327; x_wconf 90' lang='lat' dir='ltr'><strong>discedunt.</strong></span> <span class='ocrx_word' id='word_1_134' title='bbox 1327 3261 1363 3324; x_wconf 84' lang='lat' dir='ltr'><strong>G.</strong></span> <span class='ocrx_word' id='word_1_135' title='bbox 1380 3261 1466 3326; x_wconf 89' lang='lat' dir='ltr'><strong>Her-</strong></span> 
     </span>
     <span class='ocr_line' id='line_1_25' title="bbox 239 3357 1465 3450; baseline 0.001 -22"><span class='ocrx_word' id='word_1_136' title='bbox 239 3357 242 3362; x_wconf 64' lang='grc'>’</span> <span class='ocrx_word' id='word_1_137' title='bbox 331 3386 468 3430; x_wconf 87' lang='lat' dir='ltr'><strong>mannus</strong></span> <span class='ocrx_word' id='word_1_138' title='bbox 491 3367 661 3431; x_wconf 89' lang='lat' dir='ltr'><strong>lectionem</strong></span> <span class='ocrx_word' id='word_1_139' title='bbox 686 3366 745 3430; x_wconf 88' lang='lat' dir='ltr'><strong>RV</strong></span> <span class='ocrx_word' id='word_1_140' title='bbox 764 3367 936 3450; x_wconf 85' lang='lat' dir='ltr'><strong>amplexus</strong></span> <span class='ocrx_word' id='word_1_141' title='bbox 961 3374 1026 3446; x_wconf 81' lang='lat' dir='ltr'><strong>est3</strong></span> <span class='ocrx_word' id='word_1_142' title='bbox 1051 3365 1214 3430; x_wconf 90' lang='lat' dir='ltr'><strong>Porsonus</strong></span> <span class='ocrx_word' id='word_1_143' title='bbox 1233 3365 1271 3429; x_wconf 90' lang='lat' dir='ltr'><strong>ad</strong></span> <span class='ocrx_word' id='word_1_144' title='bbox 1293 3365 1368 3429; x_wconf 82' lang='lat' dir='ltr'><strong>Eur.</strong></span> <span class='ocrx_word' id='word_1_145' title='bbox 1384 3363 1465 3429; x_wconf 84' lang='lat' dir='ltr'><strong>Hac.</strong></span> 
     </span>
    </p>
   </div>
   <div class='ocr_carea' id='block_1_9' title="bbox 331 3467 1590 3566">
    <p class='ocr_par' dir='ltr' id='par_1_9' title="bbox 331 3467 1590 3566">
     <span class='ocr_line' id='line_1_26' title="bbox 331 3467 1590 3566; baseline 0.002 -36"><span class='ocrx_word' id='word_1_146' title='bbox 331 3489 359 3531; x_wconf 88' lang='lat' dir='ltr'><strong>v.</strong></span> <span class='ocrx_word' id='word_1_147' title='bbox 380 3470 464 3533; x_wconf 87' lang='grc'><strong>1206</strong></span> <span class='ocrx_word' id='word_1_148' title='bbox 493 3473 591 3534; x_wconf 85' lang='grc' dir='ltr'>καίτοι</span> <span class='ocrx_word' id='word_1_149' title='bbox 618 3470 775 3534; x_wconf 88' lang='grc' dir='ltr'>ταλάντου</span> <span class='ocrx_word' id='word_1_150' title='bbox 804 3472 904 3534; x_wconf 84' lang='grc' dir='ltr'>τοῦτό</span> <span class='ocrx_word' id='word_1_151' title='bbox 933 3471 962 3544; x_wconf 86' lang='grc' dir='ltr'><strong>γ’</strong></span> <span class='ocrx_word' id='word_1_152' title='bbox 987 3470 1077 3550; x_wconf 83' lang='grc' dir='ltr'>ἔμαθ’</span> <span class='ocrx_word' id='word_1_153' title='bbox 1102 3470 1297 3549; x_wconf 79' lang='grc' dir='ltr'>Ὑπέρβολος</span> <span class='ocrx_word' id='word_1_154' title='bbox 1322 3467 1465 3532; x_wconf 89' lang='lat' dir='ltr'><strong>scribere</strong></span> <span class='ocrx_word' id='word_1_155' title='bbox 1589 3519 1590 3566; x_wconf 31' lang='lat' dir='ltr'><strong>p</strong></span> 
     </span>
    </p>
   </div>
   <div class='ocr_carea' id='block_1_10' title="bbox 331 3571 1468 4480">
    <p class='ocr_par' dir='ltr' id='par_1_10' title="bbox 331 3571 1468 4480">
     <span class='ocr_line' id='line_1_27' title="bbox 331 3571 1466 3656; baseline -0.001 -21"><span class='ocrx_word' id='word_1_156' title='bbox 331 3573 504 3656; x_wconf 73' lang='lat' dir='ltr'><strong>proposuit</strong></span> <span class='ocrx_word' id='word_1_157' title='bbox 533 3593 606 3636; x_wconf 90' lang='lat' dir='ltr'><strong>eum</strong></span> <span class='ocrx_word' id='word_1_158' title='bbox 635 3572 675 3636; x_wconf 89' lang='lat' dir='ltr'><strong>ad</strong></span> <span class='ocrx_word' id='word_1_159' title='bbox 699 3571 774 3637; x_wconf 82' lang='lat' dir='ltr'><strong>llur.</strong></span> <span class='ocrx_word' id='word_1_160' title='bbox 797 3572 943 3637; x_wconf 85' lang='lat' dir='ltr'><strong>Medeam</strong></span> <span class='ocrx_word' id='word_1_161' title='bbox 972 3574 1050 3637; x_wconf 89' lang='lat' dir='ltr'><strong>haec</strong></span> <span class='ocrx_word' id='word_1_162' title='bbox 1074 3572 1256 3636; x_wconf 85' lang='lat' dir='ltr'><strong>adnotaret:</strong></span> <span class='ocrx_word' id='word_1_163' title='bbox 1282 3571 1466 3635; x_wconf 80' lang='lat' dir='ltr'><strong>“Existimo</strong></span> 
     </span>
     <span class='ocr_line' id='line_1_28' title="bbox 332 3672 1467 3760; baseline -0.005 -19"><span class='ocrx_word' id='word_1_164' title='bbox 332 3679 447 3741; x_wconf 79' lang='lat' dir='ltr'><strong>Atticis</strong></span> <span class='ocrx_word' id='word_1_165' title='bbox 472 3697 535 3740; x_wconf 93' lang='lat' dir='ltr'><strong>non</strong></span> <span class='ocrx_word' id='word_1_166' title='bbox 559 3676 690 3740; x_wconf 81' lang='lat' dir='ltr'><strong>licuisse</strong></span> <span class='ocrx_word' id='word_1_167' title='bbox 714 3697 749 3751; x_wconf 83' lang='grc' dir='ltr'><strong>γε</strong></span> <span class='ocrx_word' id='word_1_168' title='bbox 773 3684 846 3760; x_wconf 89' lang='lat' dir='ltr'><strong>post</strong></span> <span class='ocrx_word' id='word_1_169' title='bbox 867 3699 917 3742; x_wconf 80' lang='lat' dir='ltr'><strong>ror</strong></span> <span class='ocrx_word' id='word_1_170' title='bbox 941 3695 1061 3760; x_wconf 90' lang='lat' dir='ltr'><strong>ponere</strong></span> <span class='ocrx_word' id='word_1_171' title='bbox 1080 3677 1143 3739; x_wconf 90' lang='lat' dir='ltr'><strong>nisi</strong></span> <span class='ocrx_word' id='word_1_172' title='bbox 1162 3676 1224 3739; x_wconf 93' lang='lat' dir='ltr'><strong>alio</strong></span> <span class='ocrx_word' id='word_1_173' title='bbox 1242 3672 1397 3738; x_wconf 89' lang='lat' dir='ltr'><strong>vocabulo</strong></span> <span class='ocrx_word' id='word_1_174' title='bbox 1416 3675 1467 3736; x_wconf 91' lang='lat' dir='ltr'><strong>in-</strong></span> 
     </span>
     <span class='ocr_line' id='line_1_29' title="bbox 332 3778 1467 3864; baseline -0.003 -21"><span class='ocrx_word' id='word_1_175' title='bbox 332 3782 480 3858; x_wconf 85' lang='lat' dir='ltr'><strong>teriecto;</strong></span> <span class='ocrx_word' id='word_1_176' title='bbox 507 3781 713 3863; x_wconf 81' lang='lat' dir='ltr'><strong>exceptiones</strong></span> <span class='ocrx_word' id='word_1_177' title='bbox 737 3786 813 3843; x_wconf 88' lang='lat' dir='ltr'><strong>sunt</strong></span> <span class='ocrx_word' id='word_1_178' title='bbox 829 3787 915 3844; x_wconf 91' lang='lat' dir='ltr'><strong>certe</strong></span> <span class='ocrx_word' id='word_1_179' title='bbox 931 3780 1141 3864; x_wconf 88' lang='lat' dir='ltr'><strong>perpaucae”.</strong></span> <span class='ocrx_word' id='word_1_180' title='bbox 1166 3778 1280 3861; x_wconf 87' lang='lat' dir='ltr'><strong>Neque</strong></span> <span class='ocrx_word' id='word_1_181' title='bbox 1297 3796 1371 3841; x_wconf 87' lang='lat' dir='ltr'><strong>vero</strong></span> <span class='ocrx_word' id='word_1_182' title='bbox 1392 3796 1467 3860; x_wconf 87' lang='lat' dir='ltr'><strong>pro·</strong></span> 
     </span>
     <span class='ocr_line' id='line_1_30' title="bbox 332 3879 1466 3965; baseline -0.001 -20"><span class='ocrx_word' id='word_1_183' title='bbox 332 3884 454 3946; x_wconf 89' lang='lat' dir='ltr'><strong>nomini</strong></span> <span class='ocrx_word' id='word_1_184' title='bbox 476 3887 585 3962; x_wconf 82' lang='grc' dir='ltr'>τοῦτο,</span> <span class='ocrx_word' id='word_1_185' title='bbox 610 3883 665 3946; x_wconf 88' lang='lat' dir='ltr'><strong>sed</strong></span> <span class='ocrx_word' id='word_1_186' title='bbox 690 3884 813 3946; x_wconf 90' lang='lat' dir='ltr'><strong>nomini</strong></span> <span class='ocrx_word' id='word_1_187' title='bbox 837 3886 996 3948; x_wconf 90' lang='grc' dir='ltr'>ταλάντου</span> <span class='ocrx_word' id='word_1_188' title='bbox 1022 3884 1198 3946; x_wconf 87' lang='lat' dir='ltr'><strong>convenire</strong></span> <span class='ocrx_word' id='word_1_189' title='bbox 1222 3879 1413 3965; x_wconf 84' lang='lat' dir='ltr'><strong>particulam</strong></span> <span class='ocrx_word' id='word_1_190' title='bbox 1429 3899 1466 3954; x_wconf 87' lang='grc' dir='ltr'><strong>γε</strong></span> 
     </span>
     <span class='ocr_line' id='line_1_31' title="bbox 331 3983 1466 4069; baseline -0.004 -20"><span class='ocrx_word' id='word_1_191' title='bbox 331 3986 492 4068; x_wconf 82' lang='lat' dir='ltr'><strong>Reisigius</strong></span> <span class='ocrx_word' id='word_1_192' title='bbox 512 3987 545 4048; x_wconf 94' lang='lat' dir='ltr'><strong>in</strong></span> <span class='ocrx_word' id='word_1_193' title='bbox 565 3985 653 4048; x_wconf 84' lang='lat' dir='ltr'><strong>Coni.</strong></span> <span class='ocrx_word' id='word_1_194' title='bbox 674 4005 703 4068; x_wconf 91' lang='lat' dir='ltr'><strong>p.</strong></span> <span class='ocrx_word' id='word_1_195' title='bbox 722 3988 763 4048; x_wconf 83' lang='lat'><strong>95</strong></span> <span class='ocrx_word' id='word_1_196' title='bbox 788 3987 945 4068; x_wconf 81' lang='lat' dir='ltr'><strong>sagaciter</strong></span> <span class='ocrx_word' id='word_1_197' title='bbox 965 3987 1123 4069; x_wconf 80' lang='lat' dir='ltr'><strong>exposuit.</strong></span> <span class='ocrx_word' id='word_1_198' title='bbox 1148 3985 1210 4062; x_wconf 83' lang='lat' dir='ltr'><strong>Qui</strong></span> <span class='ocrx_word' id='word_1_199' title='bbox 1229 3984 1248 4048; x_wconf 91' lang='lat' dir='ltr'><strong>l.</strong></span> <span class='ocrx_word' id='word_1_200' title='bbox 1264 3985 1284 4047; x_wconf 93' lang='lat' dir='ltr'><strong>l.</strong></span> <span class='ocrx_word' id='word_1_201' title='bbox 1301 4003 1365 4046; x_wconf 92' lang='lat' dir='ltr'><strong>non</strong></span> <span class='ocrx_word' id='word_1_202' title='bbox 1382 3983 1466 4065; x_wconf 80' lang='lat' dir='ltr'><strong>male</strong></span> 
     </span>
     <span class='ocr_line' id='line_1_32' title="bbox 333 4086 1467 4170; baseline -0.003 -18"><span class='ocrx_word' id='word_1_203' title='bbox 333 4091 429 4153; x_wconf 88' lang='grc' dir='ltr'>καίτοι</span> <span class='ocrx_word' id='word_1_204' title='bbox 452 4090 609 4153; x_wconf 89' lang='grc' dir='ltr'>ταλάντου</span> <span class='ocrx_word' id='word_1_205' title='bbox 633 4088 662 4162; x_wconf 86' lang='grc' dir='ltr'><strong>γ’</strong></span> <span class='ocrx_word' id='word_1_206' title='bbox 679 4087 748 4152; x_wconf 89' lang='grc' dir='ltr'>αὔτ’</span> <span class='ocrx_word' id='word_1_207' title='bbox 772 4091 827 4170; x_wconf 86' lang='lat' dir='ltr'><strong>(sc.</strong></span> <span class='ocrx_word' id='word_1_208' title='bbox 844 4090 1019 4167; x_wconf 87' lang='grc' dir='ltr'>άπάφευξιν</span> <span class='ocrx_word' id='word_1_209' title='bbox 1041 4091 1126 4168; x_wconf 83' lang='grc' dir='ltr'>δίκης</span> <span class='ocrx_word' id='word_1_210' title='bbox 1146 4091 1196 4153; x_wconf 90' lang='grc' dir='ltr'><strong>καὶ</strong></span> <span class='ocrx_word' id='word_1_211' title='bbox 1215 4090 1332 4167; x_wconf 83' lang='grc' dir='ltr'>κλῆςιν)</span> <span class='ocrx_word' id='word_1_212' title='bbox 1348 4086 1467 4164; x_wconf 84' lang='grc' dir='ltr'>ἔμαθεν</span> 
     </span>
     <span class='ocr_line' id='line_1_33' title="bbox 332 4186 1467 4269; baseline -0.004 -16"><span class='ocrx_word' id='word_1_213' title='bbox 332 4191 523 4269; x_wconf 85' lang='grc' dir='ltr'>Ὑρὲρβολος</span> <span class='ocrx_word' id='word_1_214' title='bbox 547 4189 754 4254; x_wconf 88' lang='lat' dir='ltr'><strong>scribendum</strong></span> <span class='ocrx_word' id='word_1_215' title='bbox 779 4210 849 4254; x_wconf 89' lang='lat' dir='ltr'><strong>esse</strong></span> <span class='ocrx_word' id='word_1_216' title='bbox 875 4191 1013 4254; x_wconf 85' lang='lat' dir='ltr'><strong>coniecit</strong></span> <span class='ocrx_word' id='word_1_217' title='bbox 1039 4190 1162 4255; x_wconf 88' lang='lat' dir='ltr'><strong>collatis</strong></span> <span class='ocrx_word' id='word_1_218' title='bbox 1185 4191 1241 4254; x_wconf 86' lang='lat' dir='ltr'><strong>Ra.</strong></span> <span class='ocrx_word' id='word_1_219' title='bbox 1258 4190 1323 4253; x_wconf 86' lang='grc'><strong>488</strong></span> <span class='ocrx_word' id='word_1_220' title='bbox 1341 4186 1467 4253; x_wconf 86' lang='grc' dir='ltr'>οὔκουν</span> 
     </span>
     <span class='ocr_line' id='line_1_34' title="bbox 332 4289 1466 4373; baseline -0.005 -15"><span class='ocrx_word' id='word_1_221' title='bbox 332 4295 441 4373; x_wconf 79' lang='grc' dir='ltr'>ἕτερός</span> <span class='ocrx_word' id='word_1_222' title='bbox 458 4294 486 4368; x_wconf 81' lang='grc' dir='ltr'><strong>γ’</strong></span> <span class='ocrx_word' id='word_1_223' title='bbox 504 4293 572 4357; x_wconf 88' lang='grc' dir='ltr'>αὔτ’</span> <span class='ocrx_word' id='word_1_224' title='bbox 589 4294 744 4371; x_wconf 82' lang='grc' dir='ltr'>εἰργάςατ’</span> <span class='ocrx_word' id='word_1_225' title='bbox 761 4295 840 4373; x_wconf 85' lang='grc' dir='ltr'>ἀνήρ</span> <span class='ocrx_word' id='word_1_226' title='bbox 862 4297 893 4357; x_wconf 92' lang='lat' dir='ltr'><strong>et</strong></span> <span class='ocrx_word' id='word_1_227' title='bbox 912 4293 971 4357; x_wconf 86' lang='lat' dir='ltr'><strong>Nb.</strong></span> <span class='ocrx_word' id='word_1_228' title='bbox 985 4294 1047 4357; x_wconf 88' lang='grc'><strong>901</strong></span> <span class='ocrx_word' id='word_1_229' title='bbox 1071 4293 1139 4358; x_wconf 87' lang='grc' dir='ltr'>ἀλλ’</span> <span class='ocrx_word' id='word_1_230' title='bbox 1157 4295 1328 4372; x_wconf 76' lang='grc' dir='ltr'>ἀνατρέψω</span> <span class='ocrx_word' id='word_1_231' title='bbox 1348 4289 1378 4365; x_wconf 87' lang='grc' dir='ltr'><strong>γ’</strong></span> <span class='ocrx_word' id='word_1_232' title='bbox 1395 4289 1466 4353; x_wconf 85' lang='grc' dir='ltr'>οὔτ’</span> 
     </span>
     <span class='ocr_line' id='line_1_35' title="bbox 333 4393 1468 4480; baseline -0.004 -21"><span class='ocrx_word' id='word_1_233' title='bbox 333 4397 512 4470; x_wconf 85' lang='grc' dir='ltr'>ἀντιλέγων.</span> <span class='ocrx_word' id='word_1_234' title='bbox 548 4396 638 4459; x_wconf 90' lang='lat' dir='ltr'><strong>Haec</strong></span> <span class='ocrx_word' id='word_1_235' title='bbox 661 4397 795 4479; x_wconf 86' lang='lat' dir='ltr'><strong>Reisigii</strong></span> <span class='ocrx_word' id='word_1_236' title='bbox 826 4397 958 4460; x_wconf 84' lang='lat' dir='ltr'><strong>mutatio</strong></span> <span class='ocrx_word' id='word_1_237' title='bbox 983 4403 1069 4460; x_wconf 87' lang='lat' dir='ltr'><strong>certe</strong></span> <span class='ocrx_word' id='word_1_238' title='bbox 1098 4396 1294 4480; x_wconf 91' lang='lat' dir='ltr'><strong>probabilior</strong></span> <span class='ocrx_word' id='word_1_239' title='bbox 1317 4397 1365 4458; x_wconf 90' lang='lat' dir='ltr'><strong>est</strong></span> <span class='ocrx_word' id='word_1_240' title='bbox 1388 4393 1468 4456; x_wconf 87' lang='lat' dir='ltr'><strong>Por·</strong></span> 
     </span>
    </p>
   </div>
   <div class='ocr_carea' id='block_1_11' title="bbox 0 0 1600 5234">
    <p class='ocr_par' dir='ltr' id='par_1_11' title="bbox 0 0 1600 5234">
     <span class='ocr_line' id='line_1_36' title="bbox 0 0 1600 5234; baseline 0 0"><span class='ocrx_word' id='word_1_241' title='bbox 0 0 1600 5234; x_wconf 95' lang='lat' dir='ltr'><strong> </strong></span> 
     </span>
    </p>
   </div>
  </div>
 </body>
</html>
