3084 5228
256 519 442 588 Quaestiones
461 520 576 575 criticae
594 519 624 573 in
644 517 841 588 Aristophanis
859 517 978 572 fabulas.
1141 509 1182 574 99

69 693 100 756 ed
115 693 166 757 Ra'.
182 693 248 756 465
273 691 300 756 ὦ
325 695 455 772 βδελυρέ
474 693 678 770 κάναίτχυντε
701 694 750 754 καὶ
769 692 904 768 τολμηρὲ
927 691 972 755 τύ.
996 687 1058 754 Sed
1076 689 1180 772 ipsum

69 799 212 862 comicum
232 797 259 860 ῶ
279 799 368 875 μιαρὲ
384 795 506 860 dixisse
523 795 660 860 arbitror
676 799 708 858 et
724 796 853 878 propter
871 814 899 857 ν.
918 795 982 856 184
1001 800 1033 857 et
1055 797 1185 877 propter

40 895 92 964 ἰ.
106 901 173 983 362,
198 900 254 964 ubi
276 900 459 968 Mercurius
489 899 606 963 iterum
630 899 663 961 in
688 895 868 980 'lrygaeum
896 896 999 960 isdem
1023 879 1128 960 verbis
1156 895 1183 958 ιῖι

69 1008 143 1080 μιαρὲ
165 1006 215 1068 καὶ
239 1005 378 1081 τολμηρὲ
401 1001 518 1085 quibus
540 1001 633 1064 initio
658 1021 686 1063 ν.
705 1001 768 1063 182
794 1000 965 1063 invehitur.
990 998 1062 1062 Non
1086 999 1184 1081 igitur

69 1107 206 1171 mutanda
229 1109 277 1170 est
300 1105 390 1170 codd.
415 1107 581 1189 scriptura

145 1211 180 1272 ln
201 1225 230 1273 ν.
248 1210 312 1272 368
331 1212 429 1286 τυρὸν
448 1207 599 1271 traditum
621 1206 671 1271 est
693 1207 725 1270 in
743 1207 811 1288 RV,
834 1208 938 1285 πυρὸν
956 1208 989 1270 iu
1007 1207 1037 1282 S,
1063 1212 1184 1268 utrum-

70 1331 122 1394 que
143 1315 185 1394 (o)
207 1313 310 1375 metro
334 1316 452 1394 aptum.
482 1309 671 1386 Videamus
694 1312 803 1372 utrum
827 1309 1062 1373 substantivum
1086 1325 1184 1372 senso

67 1413 226 1498 flagitetur.
261 1414 424 1497 'lrygaeus
453 1414 556 1477 mines
583 1411 736 1478 Mercurii
763 1413 1000 1495 interpretatur,
1031 1413 1123 1494 quasi
1150 1413 1184 1474 iu

68 1524 160 1581 casim
172 1516 445 1602 proficiscendum
456 1516 519 1579 sibi
534 1517 584 1598 sit,
595 1515 628 1578 id
642 1515 728 1598 quod
741 1516 772 1580 ei
782 1515 868 1579 idem
881 1519 1037 1598 astatque
1050 1515 1184 1580 mortem

68 1620 154 1685 obire.
175 1619 227 1683 Ad
248 1618 367 1684 ballum
384 1625 491 1683 autem
506 1617 708 1701 profecturos
725 1617 847 1680 rictum
862 1618 896 1680 in
913 1623 977 1680 tres
993 1617 1062 1682 dios
1074 1627 1184 1682 seou'm

67 1721 142 1787 ferre
157 1721 304 1787 debuisse
323 1741 366 1786 ex
380 1722 462 1787 Ach.
482 1724 542 1785 197
569 1724 678 1799 καὶμὴ
698 1721 843 1799 ’πταρεῖν
863 1721 924 1786 ori’
944 1723 1071 1800 ἡμερῶν
1089 1724 1185 1797 τριῶν

67 1829 94 1887 et
107 1826 159 1889 Pc.
176 1827 240 1889 312
264 1825 303 1890 οὐ
321 1827 381 1904 γὰρ
400 1825 439 1903 ἠν
455 1825 589 1904 ἔχοντα(
604 1826 687 1903 ἥκειν
706 1824 770 1888 τιτί’
786 1824 912 1901 ἡμερῶν
931 1827 1027 1901 τριῶν
1046 1826 1185 1906 apparet

67 1929 167 2014 Atque
190 1929 276 2011 quod
299 1928 468 1993 scholiasta
491 1930 525 1991 in
549 1948 577 1990 ν.
597 1929 705 1991 nostro
724 1926 916 2010 explicando
939 1925 1018 1989 dicit
1040 1925 1186 1989 homiues

66 2031 100 2093 ed
129 2032 269 2096 militiam
298 2032 499 2115 profecturos
531 2049 659 2094 cassim
689 2035 721 2092 et
747 2029 881 2092 farinam
911 2027 972 2092 sibi
1000 2045 1185 2111 comparare

67 2133 169 2196 solitos
192 2151 262 2198 essa
285 2137 318 2197 et
339 2153 466 2197 caseum
491 2134 592 2197 tuisse
616 2132 731 2212 cibum,
757 2151 851 2214 quem
876 2131 993 2196 milites
1016 2133 1051 2195 in
1074 2131 1187 2195 castris

67 2237 233 2318 sumebant,
256 2237 289 2300 id
313 2256 411 2301 versu
432 2238 517 2300 1129
543 2237 762 2317 confirmatur,
784 2235 819 2298 in
843 2255 907 2318 quo
930 2236 1047 2298 chorus
1070 2233 1188 2316 gaudet

67 2347 95 2401 et
111 2339 253 2421 laetatur,
273 2339 359 2422 quod
375 2358 469 2404 caseo
489 2339 641 2403 liberatus
660 2339 702 2402 sit
716 2357 794 2421 pace
809 2339 973 2417 restituta3
990 2357 1090 2421 quere
1108 2339 1187 2420 quin

67 2440 155 2504 lectio
179 2443 237 2506 RV
260 2443 385 2506 sincera
408 2443 461 2522 sit,
486 2445 624 2505 nonest
650 2441 793 2505 dubium.
825 2439 1102 2523 Nequealieuum
1127 2440 1188 2504 erit

68 2542 116 2608 hic
139 2545 249 2626 attere,
274 2564 358 2626 quae
380 2545 556 2610 Roemerus
584 2547 617 2607 in
641 2543 729 2609 stud.
754 2564 794 2607 zu
817 2542 870 2607 Ar.
892 2564 921 2626 p.
936 2545 997 2607 101
1027 2543 1067 2605 ad
1091 2543 1188 2607 verba

66 2646 157 2710 schol.
180 2646 240 2732 Vp.
262 2649 326 2711 909
356 2650 400 2712 dic
427 2652 492 2710 τῶν
521 2649 638 2725 ἐρετῶν
663 2649 771 2711 δὲκαὶ
798 2631 925 2710 ναυτῶν
948 2649 1018 2725 περὶ
1046 2648 1187 2710 πλείετου

65 2753 257 2828 ποιουμένων
280 2752 336 2814 τὸν
359 2751 457 2829 τυρόν
481 2751 579 2813 dixit:
605 2749 692 2814 “Das
715 2751 758 2812 ist
780 2751 855 2814 lrein
878 2751 983 2814 lscrer
1002 2749 1107 2814 Wahn
1131 2749 1188 2813 der

65 2861 278 2934 sogenannten
303 2853 469 2918 semidocti
493 2855 639 2918 homines
667 2873 724 2918 aus
752 2854 824 2918 dem
849 2855 1022 2935 nitentum,
1046 2853 1187 2918 sonderu

65 2955 114 3018 die
137 2957 297 3020 wirlrliche
317 2957 485 3021 Wahrheit
507 2959 568 3021 wia
591 2957 661 3020 Pax
683 2957 768 3020 1129
797 2957 848 3038 (cf.
871 2957 1038 3038 Bliimuer‚
1062 2956 1187 3021 Privat-

64 3058 157 3122 altert
176 3061 240 3124 228
260 3061 355 3123 Anm.
372 3063 404 3141 5)
427 3060 511 3124 lehrt
529 3060 595 3124 und
615 3060 767 3124 Plutarch
786 3061 834 3124 De
854 3061 931 3144 glor.
950 3061 1025 3123 Ath.
1046 3081 1072 3124 c.
1091 3061 1109 3122 6
1133 3060 1187 3124 be-

65 3171 154 3246 zeugt
167 3167 216 3228 καὶ
232 3166 262 3228 oi
278 3167 459 3242 τριήραρχοι
473 3169 540 3229 roic
555 3164 738 3228 ἐλαύνουειν
754 3163 871 3244 ἄλφιτα
887 3165 1186 3242 παρατκειιάταντετ,

63 3261 145 3340 ὄψον
160 3271 209 3330 καὶ
224 3267 377 3348 κρόμμυα,
392 3268 490 3345 τυρὸν
506 3267 689 3346 ἐνεβίβαζον
705 3267 747 3330 εἰ(
763 3268 818 3330 τὰ(
833 3269 974 3345 τριήρεις.
1000 3253 1188 3349 Uberhaupt

64 3369 152 3450 spicit
174 3371 232 3436 der
253 3370 339 3435 Ktise
366 3371 417 3434 bei
441 3371 499 3434 der
521 3371 657 3453 Menage
682 3370 741 3434 der
764 3369 923 3434 Grieohen
952 3371 1025 3434 eine
1051 3371 1185 3454 grillime

65 3470 149 3537 Rolle
162 3474 208 3537 als
223 3492 322 3539 unsre
337 3473 554 3557 landlaufigen
566 3473 787 3537 Handbiicher
798 3472 880 3536 iiber
890 3472 1187 3538 Privataltertiimor

64 3592 123 3636 uus
142 3595 181 3639 zu
205 3576 353 3640 erziihlen
377 3577 524 3641 wissen'’.

149 3681 186 3743 V.
201 3682 267 3742 415
288 3680 384 3762 vulgo
404 3682 450 3744 sic
466 3680 599 3764 legitur:
620 3683 746 3744 καὶτοῦ
766 3681 883 3744 κύκλου
899 3681 1108 3758 παρέτρωγον
1128 3679 1185 3758 ὑφ’

64 3779 264 3870 ἁρματωλίατ.
284 3783 399 3848 Suidas
414 3804 471 3868 pro
486 3786 695 3863 παρέτρωγον
711 3785 864 3846 aoristum
880 3785 1080 3862 παρέτραγον
1096 3803 1186 3866 prae·

65 3879 123 3946 bet
145 3885 314 3968 Vulgatam
339 3888 527 3969 scripturam
556 3893 686 3969 propter
713 3905 864 3950 numeros
893 3885 970 3949 ferri
1000 3905 1063 3948 non
1092 3904 1186 3969 posse

64 3983 250 4067 Blaydesins
281 3990 352 4052 iure
382 3989 557 4070 adnotavit,
591 4010 664 4053 cum
695 3990 883 4070 neutiquam
917 3988 1046 4052 delendi
1079 3994 1187 4071 posset

63 4093 215 4172 anapaesti
236 4091 402 4173 eiusmodi,
428 4092 540 4174 quiin
564 4091 696 4172 syllabis
719 4111 759 4156 ον
782 4091 838 4170 ὑφ’
856 4091 918 4169 ἁρμ
940 4091 1090 4172 occurrit,
1115 4097 1187 4173 post

65 4191 191 4269 primum
218 4193 375 4275 syllabam
403 4195 531 4274 incisio,
561 4195 623 4257 nisi
652 4194 706 4257 ubi
735 4194 892 4257 vocabula
914 4195 984 4257 duo
1012 4187 1070 4257 aut'
1095 4193 1186 4277 plura

63 4297 154 4356 sensu
171 4303 237 4359 arte
250 4297 496 4380 coniungantur.
513 4297 666 4361 Conferas
682 4297 779 4360 velim
791 4297 896 4378 etiam,
914 4316 996 4379 quae
1013 4297 1052 4360 ad
1069 4295 1128 4359 Nb.
1143 4299 1184 4360 62

66 4397 149 4473 1293
176 4397 329 4462 diximus.
363 4399 477 4482 Itaque
505 4399 544 4463 ab
569 4399 746 4464 editoribus
774 4419 813 4462 ex
845 4399 1063 4463 Antiattioista
1092 4401 1123 4461 in
1148 4399 1185 4463 B.

941 4522 1226 4760 sisso
