3184 5234
305 474 492 544 Quaestiones
511 473 627 530 criticae
645 473 676 528 in
694 472 892 543 Aristophanis
912 472 1031 528 inbutas.
1192 467 1234 530 57

100 665 166 710 vox
191 647 372 728 φάρμακον,
397 663 482 729 quoe
503 646 645 710 maxime
663 644 872 727 desideretur,
896 645 982 710 haud
1006 648 1051 710 ito
1068 645 1163 710 fsoile
1186 647 1235 708 in-

100 750 274 834 tellegitor.

192 853 232 916 In
255 873 285 917 r.
304 853 387 916 1087
415 851 539 918 οῦκοῦν
566 855 740 931 τρύγοιπος
763 857 865 918 ταῦτα
891 851 983 918 πάντ’
1001 851 1117 918 ίιίεεται
1139 853 1236 917 Ιοοίίο

99 957 131 1018 V
148 960 199 1022 est
212 958 316 1022 πάντα
331 955 428 1038 ταῦτ’,
445 955 542 1020 8-Β
556 957 657 1020 ταῦτα
672 955 772 1020 πάντ’.
798 954 941 1032 Quarum
959 957 1076 1020 neutra
1093 955 1236 1019 numeris

99 1063 300 1127 adversatur.
333 1061 480 1144 Utroque
503 1063 611 1126 eutem
633 1059 806 1125 verborum
830 1061 989 1144 positione
1012 1067 1140 1143 poetam
1163 1079 1237 1124 nos·

99 1173 188 1229 trum
212 1183 307 1229 usum
332 1182 402 1229 esse
426 1164 536 1227 multis
560 1163 714 1228 doeemur
736 1162 823 1227 locis.
854 1162 937 1228 Setis
961 1163 1116 1227 hebemus
1140 1163 1238 1227 hosoe

99 1287 216 1333 versus
246 1268 362 1350 effere,
394 1267 513 1351 quibus
542 1265 602 1331 RV
640 1266 673 1330 in
704 1266 816 1330 ordine
850 1265 1023 1330 verborum
1053 1265 1236 1330 exhibendo

99 1373 303 1455 conspirant:
329 1371 375 1436 Pl.
393 1372 456 1434 927
474 1371 702 1452 πάνταταῦτα,
727 1369 783 1452 Ειγ.
800 1371 842 1434 99
858 1370 963 1434 πάντα
977 1369 1073 1450 ταυτί,
1099 1368 1158 1452 Vp.
1172 1371 1237 1434 514

99 1475 207 1539 πάντα
229 1473 331 1556 ταῦθ’,
362 1475 473 1538 contre
498 1473 542 1537 Pl.
561 1473 626 1536 516
652 1475 779 1536 τούτων
802 1472 943 1553 πάντων,
973 1470 1030 1554 Eq.
1050 1472 1114 1535 176
1136 1475 1237 1536 ταῦτα

97 1579 220 1659 πάντα,
244 1579 304 1640 Av.
321 1577 386 1640 756
409 1579 509 1642 ταῦτα
532 1575 633 1641 πάντ’.
659 1574 761 1652 Quom
785 1575 825 1639 ob
845 1593 913 1639 rem
937 1575 977 1638 iis
1000 1575 1089 1656 ίοοίε,
1119 1573 1238 1656 quibus

99 1679 233 1744 oodioes
256 1681 341 1744 inter
359 1699 394 1744 se
419 1679 610 1761 discrepant
634 1679 662 1742 is
677 1678 852 1742 verborum
871 1676 949 1740 ordo
964 1677 1152 1742 retinendus
1169 1679 1238 1758 erit

99 1783 157 1864 qui
176 1782 296 1846 maiore
314 1782 381 1846 iide
397 1781 533 1846 traditus
549 1787 605 1845 est
629 1780 745 1844 Nostro
767 1781 865 1864 igitur
880 1781 950 1844 ίοοο
971 1801 1045 1845 oum
1061 1780 1237 1845 editoribus

98 1885 276 1948 lectionem
293 1887 395 1949 ταῦτα
409 1883 503 1949 πάντ’
516 1884 608 1966 sequi
627 1902 695 1964 non
713 1883 833 1965 dubito,
857 1885 978 1966 quippe
997 1903 1093 1966 quom
1112 1889 1239 1966 praeter

97 1987 130 2051 R
154 1986 280 2068 Suidos,
304 1986 404 2050 Paris,
427 1988 466 2068 A,
490 1985 637 2050 Ambros
662 1985 695 2049 M
719 1985 901 2050 exhibeant
932 1985 1072 2050 Accedit
1094 1987 1180 2069 quod
1204 1987 1238 2052 in

98 2089 131 2149 V
156 2089 343 2170 frequentes
367 2093 444 2152 sunt
466 2088 637 2152 verborum
660 2087 932 2171 transpositiones,
962 2090 1126 2153 utstatim
1150 2089 1239 2154 ride-

97 2193 218 2256 bimus.

194 2295 233 2359 ln
257 2297 396 2360 Avium
427 2315 455 2358 v.
478 2295 542 2358 692
578 2293 698 2360 είδὸτεε
729 2295 838 2374 ὀρθῶς
871 2295 947 2373 παρ’
971 2295 1051 2373 ἐμοῦ
1086 2296 1239 2381 Προδίκῳ

98 2399 213 2464 κλάειν
237 2399 340 2476 είιπγτε
364 2401 401 2464 τὸ
426 2399 541 2463 λοιπόν
561 2397 700 2462 editores
718 2399 752 2461 in
773 2396 915 2462 diverses
934 2404 1041 2481 partes
1060 2398 1238 2480 discedunt,

97 2521 179 2566 oum
196 2501 363 2584 Burgum,
381 2500 813 2583 Bleydesius‚·Leeuwenius
833 2502 1023 2584 scripturam
1045 2501 1238 2585 7Προδίκῳ

96 2603 179 2682 παρ’
196 2605 277 2682 ἐμοῦ
301 2608 464 2683 tueantur,
487 2601 691 2685 DindorfiuS,
715 2603 910 2684 Menenius,
941 2603 1085 2668 Kooiius
1108 2603 1239 2668 lectioni

96 2707 201 2772 s—lt
224 2708 298 2785 παρ’
320 2709 399 2784 ἐμοῦ
423 2707 573 2790 Προδίκῳ
597 2707 696 2771 fidem
720 2707 865 2771 habeant
897 2706 1096 2790 Quamquam
1126 2711 1239 2772 neutro

98 2811 278 2876 verborum
306 2811 462 2894 positione
489 2810 811 2893 numennumen,
840 2815 948 2874 temen
976 2812 1136 2894 scriptura
1163 2811 1238 2890 παρ’

99 2916 186 2992 ἐμοῦ
202 2915 355 2997 Προδίκῳ
371 2913 582 2997 praeferenda
599 2913 693 2978 nobis
712 2913 858 2989 videtum
878 2933 953 2977 nam
970 2914 1087 2978 librum
1101 2914 1132 2975 V
1143 2932 1239 2997 saepe

97 3016 277 3081 verborum
301 3016 447 3080 ordinem
470 3019 693 3082 immutantem
717 3017 996 3101 deprehendimus,
1020 3018 1110 3082 velut
1127 3019 1161 3081 in
1178 3020 1238 3081 Av.

99 3122 169 3184 675
188 3119 291 3203 ἀγαθῇ
307 3119 385 3202 τύχῃ
400 3139 457 3203 pro
472 3120 645 3202 τύχάγαθῇ,
662 3120 718 3204 idq.
733 3123 797 3185 508
818 3122 876 3200 ἔπη
893 3123 1045 3186 λέξονταε
1055 3141 1113 3204 pro
1130 3123 1238 3188 λέξον-

96 3245 159 3288 roc
186 3223 259 3301 ἔπη,
290 3223 376 3286 1046
404 3221 507 3302 τεῑχόε
531 3223 593 3287 ἐετι
620 3243 678 3306 pro
702 3225 763 3289 ἐετι
786 3228 904 3305 τείχοτ,
931 3223 991 3286 Nb.
1013 3225 1078 3288 433
1104 3225 1238 3302 μεγάλα(

96 3389 235 3466 γνώμα(
264 3407 326 3452 seo.
345 3388 452 3452 Herw.
471 3408 529 3473 pro
552 3393 681 3468 γνώμα(
704 3389 850 3472 μεγάλαε,
875 3391 938 3454 481
963 3325 1046 3468 πρὸξ
1064 3393 1130 3454 τῶν
1154 3393 1239 3454 θεῶν

97 3501 231 3631 διανῒιῆι
255 3571 317 3618 seo.
333 3552 440 3618 Herw.
458 3573 514 3638 pro
539 3559 617 3618 διαν.
634 3575 685 3632 πρ.
702 3577 728 3618 τ.
747 3559 783 3636 θ,
810 3555 893 3618 1407
912 3555 1087 3632 τέθριππον
1109 3554 1239 3632 τρέφειν

97 3675 162 3741 pro
186 3657 278 3734 τρὲφ.
294 3657 387 3738 step,
420 3658 506 3721 1508
530 3661 600 3722 παῖε
625 3657 722 3735 βάλλε
753 3675 815 3720 seo.
831 3655 939 3720 Herw.
955 3675 1012 3740 pro
1038 3657 1134 3734 βάλλε
1158 3661 1239 3736 παῖε,

98 3759 159 3822 Ρο.
175 3759 239 3822 287
263 3760 352 3822 ταυτί
372 3761 480 3838 λαβὼν
504 3777 561 3843 pro
586 3764 653 3838 λαβ.
668 3781 705 3840 π,
731 3760 796 3823 560
819 3765 856 3840 τῇ
876 3765 940 3842 θεῷ
960 3761 1092 3836 πρῶτον
1111 3777 1168 3841 pro
1187 3778 1238 3837 πρ.

96 3883 127 3926 τ.
147 3867 186 3941 θ,
213 3863 299 3924 1175
321 3863 376 3943 δὲῃ
396 3863 431 3925 δὲ
450 3883 515 3925 που
534 3881 592 3945 pro
612 3864 647 3925 δέ
666 3883 731 3925 που
753 3865 817 3944 δὲῃ,
836 3861 882 3925 Pl.
900 3863 940 3923 57
964 3860 1049 3924 πάνυ
1076 3862 1156 3937 ταχύ
1181 3879 1239 3942 pro

95 3966 186 4042 ταχῦ
208 3965 308 4046 πάνυ,
334 3965 398 4027 132
423 3965 505 4028 ἐετίν
528 3964 546 4027 ὁ
570 3965 720 4042 παρέχων
744 3984 800 4046 pro
825 3965 843 4028 ὁ
867 3983 941 4042 παρ.
959 3965 995 4046 ἐ.,
1020 3963 1085 4026 426
1111 3985 1148 4042 με
1169 3965 1239 4028 τίνα

98 4087 164 4152 pro
188 4069 258 4131 τίνα
282 4087 328 4147 με,
351 4068 417 4130 459
433 4071 489 4144 τῆε
505 4068 613 4132 πενία(
629 4067 788 4152 πτωχείαν
803 4085 860 4149 pro
876 4071 932 4144 τῆε
948 4087 1046 4146 πτωχ.
1064 4087 1140 4146 πεν,
1166 4068 1239 4147 507,

99 4169 183 4250 629,
204 4169 278 4250 747,
295 4170 369 4249 867,
387 4169 460 4251 870,
477 4170 551 4250 940,
572 4169 645 4250 969,
663 4170 737 4250 979,
756 4170 851 4250 1087,
870 4171 965 4251 1173,
983 4171 1078 4250 1196,
1102 4169 1157 4233 Ra.
1175 4171 1238 4232 847

97 4277 218 4337 παῖδε(
243 4273 394 4350 μέλαιναν
412 4291 469 4355 pro
494 4272 612 4350 μέλανα
635 4275 754 4354 παῖδεε,
774 4272 868 4354 1035,
888 4273 983 4354 1403,
1000 4271 1058 4356 Vp.
1074 4273 1159 4335 1445
1177 4275 1240 4337 ἐπι-

98 4378 260 4452 κλητῆρεε
286 4376 430 4453 λείψουει
453 4393 511 4458 pro
536 4378 688 4453 κλητῆρες
713 4375 916 4454 ἐπιλείψουει.
