3084 5228
758 463 876 521 Victor
894 463 1038 532 Copton,

820 1263 924 1346 Caput
947 1262 985 1325 V.

853 1407 873 1486 ξ
899 1407 949 1469 15.

425 1547 582 1625 Quoniam
603 1548 643 1613 de
658 1548 859 1632 singularum
874 1547 1055 1612 tabularum
1072 1548 1156 1631 apud
1173 1547 1305 1612 Suidam
1319 1548 1461 1630 reliquiis

336 1651 469 1716 uberius
492 1651 734 1735 disputavimus,
758 1651 792 1714 in
815 1652 882 1716 fine
905 1652 1021 1734 prioris
1043 1652 1139 1715 huius
1157 1649 1232 1714 libri
1252 1651 1330 1734 quid
1351 1653 1462 1716 sentia·

334 1773 406 1818 mus
430 1754 470 1819 da
493 1755 653 1838 excerptis
676 1755 897 1838 lexicographi
920 1755 1178 1837 complectamur.
1297 1773 1300 1780 ’

425 1857 619 1940 Priusquam
634 1861 741 1921 autem
758 1858 940 1922 accuratius
956 1858 1145 1940 inquiratur,
1162 1877 1244 1941 quae
1255 1859 1338 1922 ratio
1350 1857 1462 1924 Suidue

334 1959 515 2024 intercedat
541 1979 616 2023 cum
644 1959 810 2024 codicibus
838 1961 965 2042 nustria,
993 1960 1170 2024 disseratur
1195 1979 1327 2026 necesse
1358 1967 1408 2026 est
1428 1961 1463 2024 de

336 2061 456 2127 Suidao
466 2063 603 2146 propriis
614 2063 710 2127 vitiis.
728 2062 872 2139 Quorum
881 2063 1020 2146 plurima
1030 2063 1092 2146 ipsi
1101 2064 1328 2147 lexicograpbo
1340 2063 1462 2128 crimini

336 2164 493 2229 vertenda
503 2169 592 2244 sunt3
605 2185 744 2248 namque
757 2185 883 2228 summa
894 2164 1029 2229 libidine
1041 2169 1137 2248 atque
1148 2166 1278 2230 licentia
1288 2185 1367 2230 eum
1376 2185 1463 2230 nsum

336 2285 408 2332 esse
425 2270 459 2332 in
476 2267 623 2332 versibus
635 2268 880 2351 Aristophaneis
897 2268 1107 2352 excerpendis
1124 2274 1157 2332 et
1171 2268 1365 2350 Buengerus
1386 2288 1464 2333 conr·

337 2373 463 2455 partum
487 2370 601 2434 habuit
623 2375 657 2435 et
671 2372 741 2454 ipsi
760 2389 889 2453 quoque
908 2371 1001 2434 initio
1019 2371 1038 2453 §
1055 2372 1095 2434 10
1114 2371 1251 2454 aliisque
1273 2371 1356 2435 locis
1381 2391 1464 2435 oocu-

336 2473 428 2538 sione
447 2472 551 2538 oblata
570 2474 777 2538 ostendimus.
805 2476 855 2538 Ac
870 2474 964 2536 multi
979 2475 1076 2538 etiam
1091 2474 1303 2538 inveniuntur
1317 2473 1394 2555 loci,
1418 2473 1464 2536 ubi

337 2576 539 2660 corruptelae
568 2577 771 2640 librariorum
802 2576 1023 2659 neglegentiae
1053 2575 1223 2644 debentur.
1254 2577 1309 2658 qui
1342 2577 1465 2641 codices

337 2684 463 2743 nostros
478 2680 575 2744 lexici
591 2679 724 2743 aSuida
739 2679 859 2744 conditi
876 2684 1098 2742 exaraverunt
1123 2679 1247 2742 Horum
1263 2679 1366 2762 igitur
1381 2680 1465 2742 vitio·

336 2800 408 2844 rum
425 2781 506 2844 nihil
523 2783 656 2846 interest
673 2782 712 2845 ad
730 2781 985 2864 investigandam
1001 2787 1098 2864 atque
1113 2781 1336 2845 illustrandam
1353 2782 1465 2846 Suidae

337 2884 551 2968 codicumquo
569 2885 879 2968 Aristophaneorum
897 2886 1062 2948 rationem.
1091 2885 1205 2966 Neque
1225 2904 1300 2949 vero
1320 2885 1464 2948 omnibus

337 2987 418 3050 locis
445 2992 532 3052 certo
561 2987 732 3051 diiudicari
758 2991 864 3070 potest
887 3023 928 3032 -—
953 2987 986 3050 id
1011 2987 1097 3069 quod
1125 2987 1315 3071 Buengerus
1340 3007 1464 3070 quoque

336 3093 378 3172 (p.
395 3092 446 3170 34,
467 3091 518 3171 36,
537 3090 624 3171 alibi)
644 3096 797 3172 expertus
817 3095 865 3154 est
883 3127 935 3170 —‚
955 3097 1063 3154 utrum
1083 3090 1122 3153 ad
1141 3091 1247 3173 ipsum
1266 3091 1402 3155 Suidam
1420 3089 1463 3154 vel

336 3192 408 3256 eius
430 3192 577 3257 librarios
600 3213 641 3256 an
665 3194 705 3256 ad
729 3193 874 3258 codicem
898 3193 987 3256 illum
1009 3193 1271 3276 alexicographo
1290 3192 1464 3256 adhibitum

337 3297 417 3359 vitia
433 3296 604 3361 referenda
621 3299 693 3361 sint.
725 3298 922 3363 Glossemata
942 3317 1018 3362 sane
1038 3303 1070 3361 at
1087 3296 1259 3360 verborum
1278 3297 1463 3360 omissiones

337 3399 389 3464 vel
413 3401 677 3483 transpositiones
701 3402 763 3484 ipsi
783 3401 901 3466 Suidae
925 3400 1117 3464 inculcanda
1136 3419 1207 3464 esse
1228 3400 1398 3478 existimo;
1422 3401 1465 3463 est

338 3503 424 3566 enim
448 3503 511 3566 ista
534 3503 750 3586 compilatoris
775 3503 974 3568 consuetudo
999 3507 1096 3584 atque
1118 3502 1252 3566 indoles.

428 3605 496 3668 Iam
520 3607 548 3670 si
571 3626 723 3672 numeros
748 3625 861 3670 eorum
884 3626 1038 3670 versuum
1062 3607 1096 3668 in
1114 3609 1132 3687 ξ
1151 3606 1191 3668 10
1208 3604 1407 3688 prolaturum
1422 3606 1463 3666 in-

332 3708 496 3790 dicamus
519 3709 553 3771 in
578 3709 695 3791 quibus
712 3709 830 3773 Suidae
854 3729 936 3791 quae
961 3709 1172 3772 inveniuntur
1189 3708 1268 3770 vitia
1291 3710 1349 3772 aut
1367 3708 1462 3791 ipsius

338 3815 395 3874 aut
417 3810 622 3876 librariorum
649 3813 794 3876 incuriae
818 3810 1058 3875 adnumeranda
1084 3810 1177 3874 nobis
1201 3810 1362 3892 videntur,
1391 3807 1462 3872 illud

339 3931 508 3976 monemus
526 3914 561 3977 in
581 3915 641 3978 hoc
659 3913 803 3978 locorum
820 3914 929 3978 indice
945 3915 1041 3977 ctiam
1058 3933 1112 3977 eos
1128 3933 1244 3976 versus
1261 3915 1394 3996 onotari,
1413 3912 1461 3994 qui

339 4017 404 4080 nisi
427 4018 651 4101 probabilitate
675 4017 812 4100 quadam
836 4037 902 4080 non
927 4018 1206 4080 commendantur:

428 4121 486 4203 Eq.
504 4141 565 4186 uss.
583 4124 613 4201 4,
637 4124 667 4202 9,
691 4123 742 4202 48,
767 4123 820 4202 49,
845 4121 896 4202 56,
921 4123 973 4202 57,
999 4122 1072 4200 104,
1098 4122 1170 4201 192,
1196 4122 1270 4200 257,
1294 4122 1369 4202 258,
1395 4122 1461 4196 259,

339 4225 415 4306 372,
439 4226 513 4304 379,
537 4225 611 4306 382,
636 4226 710 4304 397,
734 4225 809 4304 400,
834 4225 908 4303 502,
933 4224 1006 4304 511,
1029 4225 1102 4304 521,
1120 4223 1194 4306 522,
1211 4226 1286 4307 538,
1302 4226 1377 4305 542,
1395 4223 1460 4302 546,

340 4328 414 4407 570,
440 4328 513 4408 602,
539 4327 612 4406 796,
637 4328 711 4408 835,
736 4328 810 4408 844,
837 4328 931 4408 1130,
959 4327 1053 4408 1277,
1080 4328 1173 4390 1312.
