3058 5222
349 559 414 622 228
776 567 891 620 Victor
911 565 1054 633 Goulon‚

437 737 476 802 In
488 757 517 801 v.
526 740 590 802 715
604 739 698 802 lectio
710 737 770 802 RV
776 741 825 802 est
837 738 863 802 ὠ
876 740 1011 818 μακαρία
1024 741 1058 802 cir
1072 740 1169 818 βουλὴ
1182 741 1238 820 ί-ῆι
1250 737 1278 802 R
1290 737 1459 816 sechem.)

348 844 403 918 τῆς
420 841 573 920 Θεωρίας.
598 840 745 905 ScholV
760 841 905 904 adnotat:
929 844 1009 906 τινὲκ
1035 845 1071 906 δὲ
1088 843 1237 905 οτίῑουαν
1261 843 1303 905 εί(
1318 843 1355 905 τὸ
1379 845 1458 919 βουλὴ

349 947 397 1007 καὶ
414 945 600 1009 ευνὰπτουκι
615 945 653 1007 τὸ
670 945 706 1009 cd
722 947 777 1021 τῆ(
796 944 938 1021 Θεωρία(
962 943 1040 1008 δεον
1056 945 1165 1021 Ζωμὸν
1182 944 1329 1023 pocritae
1354 945 1460 1022 ἡμερῶν

348 1053 453 1126 τριῶν.
489 1046 614 1123 Quibus
636 1046 744 1110 verbis
769 1046 922 1130 probatur
945 1045 1101 1128 quosdam
1124 1046 1257 1130 legisse:
1288 1045 1315 1110 ὦ
1345 1049 1461 1124 μακαρία

349 1153 458 1231 βουλή,
483 1153 519 1215 cd
542 1155 598 1228 τῆ(
617 1151 760 1228 θεωρίαι
786 1149 861 1214 δεον
885 1152 945 1212 κτλ.
977 1149 1040 1226 Qui
1063 1151 1241 1232 genitivum
1265 1154 1322 1228 uic
1337 1151 1461 1227 Θεωρία(

350 1252 389 1316 de
417 1272 497 1316 voce
526 1255 634 1331 ζωμὸν
660 1253 801 1336 pendere
830 1255 862 1316 et
892 1253 1164 1317 constructionem
1196 1253 1366 1316 verborum
1394 1251 1461 1313 hanc

349 1374 421 1420 esse
443 1362 651 1438 putaverunt:
682 1355 761 1420 dccv
788 1358 822 1420 cd
848 1361 904 1433 τῆ(
933 1357 1075 1433 Θεωρία(
1106 1357 1212 1433 Ζωμὸν
1241 1355 1379 1435 ῥοφήεει.
1410 1353 1461 1418 Sed

349 1459 566 1543 interpunctio
590 1459 649 1522 RV
670 1479 744 1522 oum
772 1459 930 1522 sententia
954 1459 1050 1522 huius
1078 1459 1139 1522 loci
1168 1459 1280 1541 utique
1310 1458 1418 1521 melius
1438 1465 1463 1532 et

349 1561 515 1644 pulchrius
539 1562 696 1644 congruit.
724 1562 804 1626 Nam
829 1563 862 1624 in
887 1581 948 1624 uss.
966 1563 1143 1625 713-714
1166 1561 1332 1626 Theoriam
1355 1560 1464 1624 senatui

350 1665 425 1729 dare
449 1685 468 1728 a
491 1663 651 1729 Mercurio
675 1663 805 1728 iubetur
826 1665 998 1747 Trygaeus
1023 1665 1078 1746 qui
1102 1665 1164 1727 hoc
1186 1664 1332 1728 facturus
1355 1663 1464 1727 senatui

349 1767 527 1850 gratulatur
544 1767 650 1832 verbis
675 1767 701 1830 ὠ
719 1769 854 1847 μακαρία
878 1805 920 1813 -
943 1771 999 1845 τῆς
1015 1768 1165 1846 Θεωρίαι.
1194 1767 1265 1842 Quo
1282 1766 1323 1830 de
1338 1768 1464 1850 genitivo

350 1871 470 1935 causali
495 1872 534 1934 cf.
551 1869 760 1934 Herwerdeni
785 1876 954 1934 comment.
972 1870 1011 1933 ad
1037 1871 1065 1932 h.
1082 1889 1110 1932 ν.
1135 1869 1241 1934 Foeda
1264 1871 1394 1933 sanein
1417 1866 1463 1931 Rl'

349 1975 466 2056 positio
479 1973 648 2038 vorborum
667 1976 701 2038 cu
719 1975 815 2051 βουλὴ
833 1979 881 2037 est
896 1973 1038 2057 spondeo
1055 1979 1200 2054 quartam
1217 1973 1325 2038 sedem
1341 1977 1464 2037 tenente.

349 2077 449 2141 Recte
472 2078 573 2160 igitur
596 2077 767 2141 scholiasta
791 2080 887 2156 βουλὴ
914 2080 948 2140 οὺ
972 2077 1057 2160 legit

441 2180 491 2243 Ad
517 2200 544 2244 ν.
566 2182 631 2244 990
659 2183 728 2258 τρία
756 2183 805 2243 καί
834 2179 898 2243 δέκ’
919 2179 972 2257 ἔτη
1001 2181 1052 2242 alt.
1073 2180 1171 2244 schol.
1189 2181 1219 2238 V
1239 2179 1465 2243 animadvertit:

350 2284 485 2348 rourtcu
513 2284 606 2346 πάλιν
632 2285 669 2346 τὸ
699 2284 896 2360 μονόμετρον
925 2284 1049 2361 βέλτιον
1077 2285 1156 2346 κατὰ
1183 2284 1353 2360 παράθεαν
1377 2283 1466 2353 ἀναρ-

351 2389 512 2459 γνιίιειιειν.
537 2384 626 2461 Quae
646 2385 807 2448 adnotatio
824 2384 902 2467 quid
921 2385 982 2448 sibi
1002 2387 1082 2449 veht
1100 2385 1169 2449 coll.
1185 2384 1280 2448 Hom.
1297 2385 1355 2448 Od.
1372 2381 1466 2451 Xl'li.

352 2489 415 2552 ‘231
445 2490 546 2553 πολλά
573 2490 603 2551 οἱ
627 2487 708 2568 ἀμφὶ
735 2490 814 2566 κάρη
839 2489 939 2568 (φίλα
968 2492 1028 2552 arrh
1052 2489 1276 2571 intellegimus
1314 2489 1366 2552 Ad
1397 2489 1467 2548 hunc

352 2591 438 2654 enim
461 2591 567 2655 locum
591 2591 684 2654 Hom.
701 2589 848 2654 schol.H
872 2593 992 2654 variam
1016 2591 1187 2656 lectionem
1211 2591 1371 2670 ἀμφικαρῆ
1396 2607 1467 2652 conr·

351 2699 520 2771 memorat;
546 2693 644 2758 schol.
656 2695 687 2754 V
704 2713 779 2757 vero
803 2694 896 2757 dicit:
922 2693 1049 2772 ἄμεινον
1066 2698 1101 2757 δὲ
1116 2696 1194 2758 κατὰ
1210 2695 1383 2771 παράθεειν
1405 2693 1467 2754 ἀνα-

351 2798 543 2878 γιγνώσκειν,
572 2797 651 2876 ἀμφί
674 2799 765 2878 κάρη,
794 2799 864 2874 περὶ
891 2799 950 2874 τὴν
978 2800 1127 2875 κεφαλήν.
1163 2797 1209 2860 Ut
1230 2796 1327 2876 igitur
1350 2792 1467 2858 Homeri

351 2901 509 2982 interpres
533 2900 586 2964 ille
603 2901 794 2982 scripturam
810 2899 889 2979 ἀμφὶ
906 2900 986 2977 κάρη
1004 2899 1095 2963 alteri
1111 2899 1274 2978 ἀμφικαρῆ
1298 2900 1468 2981 praeferan-

353 3002 423 3065 dam
444 3003 546 3084 duxit
570 3005 617 3067 sio
636 3003 859 3085 Aristophanis
878 3003 1019 3066 scholV
1036 3008 1145 3066 nostro
1169 3001 1238 3066 loco
1261 3005 1330 3079 τρία
1349 3005 1398 3065 καὶ
1416 2996 1467 3062 δέκ’

352 3105 482 3169 lectioni
508 3105 694 3184 τριακαίδεκ’
716 3111 877 3189 praestare
905 3104 1075 3170 adnotavit.
1108 3105 1219 3169 Liceat
1246 3107 1351 3168 autem
1381 3103 1468 3166 obiter

354 3227 484 3273 monere
503 3210 639 3272 tennino
659 3209 805 3272 technico
825 3211 904 3273 κατὰ
923 3209 1094 3286 παράθεαν
1114 3209 1295 3292 oppositum
1315 3226 1385 3272 esse
1404 3205 1467 3269 κατὰ

255 3353 257 3355 -
353 3313 500 3375 (ύνθεειν.

872 3479 890 3558 ρ
917 3480 967 3540 14.

443 3621 482 3684 Iu
509 3621 989 3705 Thesmophoriaznsarum
1014 3619 1340 3702 v.161sqq.’touxoc
1366 3621 1468 3682 ἐκεῖνοι

354 3725 540 3804 κάνακρέων
569 3725 586 3788 ὁ
615 3725 707 3801 Τήιοι
728 3721 732 3810 Ι
753 3723 781 3787 κ’
798 3723 925 3787 diruto(
953 3724 1003 3805 (R)
1034 3725 1125 3802 οἵπερ
1155 3723 1309 3800 ἁρμονίαν
1339 3722 1467 3800 ἐχύμιιαν

354 3828 559 3891 adnotatione
589 3826 687 3891 schol.
713 3827 743 3890 R
773 3826 927 3890 docemur
957 3828 1076 3905 Ἀχαιὸς
1110 3826 1288 3906 antiquitus
1321 3825 1467 3906 scriptum

354 3932 490 3995 Ἀλκαῖος
515 3929 553 3993 ab
571 3929 785 4012 Aristophane
801 3929 958 4010 Byzantio
982 3930 1156 4012 repositum
1181 3946 1260 3991 esse.
1292 3926 1351 3990 Cui
1376 3941 1468 3990 amen·

354 4032 474 4096 dationi
488 4031 693 4112 Fritzschius
712 4031 894 4096 Meinehius
912 4031 1019 4113 (Vind.
1032 4034 1087 4095 Ar.
1103 4051 1132 4113 p.
1149 4031 1223 4111 149)
1243 4030 1362 4112 aliique
1381 4021 1467 4091 critici

354 4140 548 4218 repugnant,
577 4135 660 4216 quod
692 4134 832 4199 Alcaeus
860 4135 899 4197 iis
928 4134 1133 4197 adnumerari
1159 4152 1223 4196 non
1252 4135 1352 4216 possit
1373 4129 1467 4214 poetis

356 4239 412 4321 qui
435 4238 633 4302 harmoniam
657 4238 877 4302 emolliverint.
914 4237 975 4301 Sed
999 4236 1168 4301 uriaschii
1196 4237 1409 4300 coniecturam
1430 4232 1466 4306 ιώ

357 4343 442 4406 Κεῑοε
473 4340 668 4406 reiciendam
698 4361 768 4405 esse
799 4340 938 4404 ostendit
966 4341 1113 4423 Engerus
1141 4340 1174 4402 in
1205 4337 1310 4402 adnot
1338 4337 1378 4400 ad
1403 4335 1428 4396 h.
1445 4350 1466 4388 r.

356 4443 438 4508 Nam
466 4464 540 4509 cum
571 4445 757 4522 κάνακρέων
786 4443 921 4522 dirime
952 4443 1129 4526 praecedat,
1159 4441 1332 4506 verendum
1362 4447 1414 4514 est,
1440 4440 1466 4495 ut
