3058 5222
246 538 432 608 Quaestiones
452 538 566 593 criticae
586 538 616 593 in
634 537 832 608 Aristophanis
851 537 970 592 fabulas.
1110 530 1171 593 187

71 735 122 772 uss.
275 710 349 776 Sch.
889 707 918 772 R

69 843 126 904 947
152 844 314 918 παίειυμεν
392 923 395 928 ¹
806 839 1006 923 πέεωμενγγ

52 940 126 1002 1197
153 942 291 1021 ευβήνην
635 942 855 1026 ευμβήνηνγῒ
881 940 930 1005 De
953 940 1059 1005 littera
1085 941 1173 1018 pin-

657 1050 742 1110 serta
765 1045 806 1110 ci.
824 1066 851 1128 p.
870 1045 912 1108 66
936 1044 976 1108 ad
1000 1045 1060 1107 Ar.
1077 1044 1151 1106 245.

51 1145 126 1208 1‘2‘27
152 1147 312 1212 πέπαισται
804 1147 1012 1231 πέπυεταιῇ

569 1390 642 1472 §e

131 1529 308 1612 Pergamus
336 1531 376 1595 ad
399 1531 552 1613 singulae,
581 1550 663 1613 quos
686 1531 840 1595 asterisco
865 1531 1056 1613 notavimus,
1084 1529 1172 1596 locos

45 1632 233 1697 tractandos.

128 1735 170 1798 In
199 1736 391 1800 Ranarum
420 1757 448 1800 r.
474 1738 538 1800 340
563 1756 631 1819 sqq.
656 1736 757 1816 ἔγειρε
780 1736 924 1815 φλογέαε
947 1737 1115 1814 λαμπάδα(
1139 1737 1174 1802 ἐν

43 1840 125 1914 χερεὶ
153 1839 306 1904 τινάεαυν
334 1845 406 1923 post
429 1841 464 1905 έν
488 1841 572 1918 χερεὶ
600 1839 633 1902 in
663 1839 722 1903 RV
750 1840 810 1916 γὰρ
839 1841 905 1916 ἥκει
928 1840 1086 1903 insertum
1118 1846 1173 1904 est.

42 1937 350 2024 Sch01.stplicat:
371 1941 471 2020 ἔγειρε
490 1943 650 2020 φλογέαε·
669 1943 705 2006 τὸ
726 1943 797 2018 erac
816 1941 913 2019 ἔγειρε
933 1942 1076 2021 φλογέας
1097 1946 1174 2021 λαμ-

39 2043 145 2107 πάδα(
175 2041 210 2107 ἐν
239 2047 323 2123 χερεὶ
351 2046 522 2110 τινάεεων·
550 2047 633 2123 ἥκει(
661 2046 816 2122 νυκτέρου
844 2046 968 2122 τελετῆε
993 2044 1175 2123 φωεφόρο(

40 2145 134 2225 ἀετήρ
156 2149 191 2212 έν
207 2151 292 2226 χερεὶ
315 2149 467 2213 τινάεεων
484 2151 625 2229 φλογέας
642 2150 821 2228 λαμπάδας,
846 2148 943 2212 schol.
963 2149 1014 2213 R.:
1039 2151 1175 2227 νοητέον

40 2251 159 2317 οὓτως·
184 2253 282 2330 ἔγειρε
306 2255 449 2332 φλογέαε
471 2254 638 2332 λαμπάδα(
662 2255 697 2317 έν
721 2255 803 2332 χερεὶ
826 2254 990 2318 τινάεεων·
1014 2255 1095 2332 ἥκετε
1113 2254 1174 2332 γὰρ

38 2357 196 2435 νυκτέρου
219 2359 346 2435 τελετῆς
376 2357 556 2437 φωεφόροε
581 2357 684 2436 ἀστήρ.
701 2356 826 2420 Versus
842 2377 861 2420 a
876 2356 998 2420 criticis
1018 2357 1074 2420 diu
1093 2357 1175 2420 mul-

37 2463 175 2541 tumque
206 2465 343 2523 vexatus
368 2465 424 2524 est.
441 2459 624 2524 Meinekius
653 2459 783 2542 quidem
813 2461 846 2522 iu
866 2459 963 2524 Vind.
987 2462 1042 2524 Ar.
1062 2481 1091 2543 p.
1110 2461 1173 2523 164

35 2563 192 2626 πνάεεων
215 2561 449 2627 removendum
473 2581 544 2627 esse
568 2563 701 2646 putavit,
729 2561 764 2624 G.
789 2559 996 2625 Hermannus
1022 2567 1055 2625 et
1072 2561 1174 2626 Reisi-

35 2666 109 2746 gius
134 2663 238 2747 (Coni.
262 2685 291 2748 p.
316 2665 393 2747 299)
417 2666 477 2745 γὰρ
501 2667 566 2744 ἥκει
591 2665 847 2746 eliminaverunt
877 2664 932 2728 alii
955 2663 1018 2728 alia
1042 2667 1175 2748 tempta-

33 2769 164 2831 verunt
189 2767 401 2851 Participium
425 2769 577 2833 τινάεεων
601 2766 775 2831 delendum
799 2787 864 2830 non
889 2786 959 2832 esse
982 2787 1174 2852 persuasum

34 2869 151 2934 habeo.
176 2870 250 2934 Ηοο
274 2871 360 2934 enim
389 2871 492 2935 eiecto
520 2889 586 2933 non
610 2869 779 2953 perspicio,
804 2869 881 2952 quid
906 2870 968 2933 sibi
993 2871 1071 2934 velit
1093 2870 1174 2934 illud

31 2973 67 3036 έν
88 2976 187 3052 χερεὶ
209 2972 430 3050 Quibuscum
448 2972 565 3054 verbis,
582 2991 665 3054 quae
685 2973 889 3055 participium
909 2971 1102 3054 desiderant
1120 2993 1174 3056 op-

32 3077 113 3140 time
140 3078 355 3160 coniungitur
371 3074 539 3153 τινάεεων;
565 3074 689 3158 quode
711 3074 809 3139 verbo
828 3073 948 3157 pendet
971 3075 1175 3138 accusativus

30 3177 217 3255 λαμπάδαε.
245 3178 391 3242 Praestat
418 3181 505 3242 certe
533 3177 632 3242 verba.
659 3178 720 3255 γὰρ
748 3179 814 3256 ἥκει
839 3177 1014 3241 eliminare.
1044 3177 1175 3254 Quaee

28 3281 235 3363 glossemate
259 3281 293 3343 in
317 3285 444 3345 textum
466 3281 555 3344 illata
579 3299 650 3344 esse
675 3279 819 3343 Kocirius
843 3279 877 3341 in
901 3278 1006 3342 adnot
1031 3278 1079 3342 ad.
1099 3279 1128 3342 h.
1147 3300 1174 3343 ν.

30 3385 120 3448 haud
149 3385 220 3447 scio
244 3405 284 3446 an
310 3384 380 3448 iure
402 3387 540 3464 moneat
565 3403 640 3446 curn
665 3401 744 3445 voce
763 3381 870 3462 ἔγειρε,
891 3401 987 3462 quam
1006 3385 1090 3445 stare
1110 3401 1175 3445 non

26 3507 129 3570 posse
163 3487 328 3569 aptissime
357 3487 498 3571 exponit,
526 3487 561 3548 in
591 3485 695 3559 ἔπειγε
722 3487 844 3546 mutata
871 3483 919 3545 sic
947 3483 1174 3548 ratiocinetur:

27 3589 240 3654 “Vielieicht
262 3589 305 3650 ist
324 3589 427 3663 ἔπειγε
446 3589 627 3670 (intransit.)
646 3607 688 3651 zu
711 3587 815 3650 lesen:
841 3586 919 3649 eile
942 3586 1095 3669 herbei,
1112 3607 1176 3652 wo-

24 3713 66 3756 zu
94 3691 199 3756 344f.
225 3689 277 3754 die
300 3689 524 3774 Begriindung
547 3689 665 3774 geben:
696 3688 799 3753 denn
823 3687 920 3752 alles
944 3694 1082 3752 wartet
1104 3709 1177 3753 nur

24 3795 93 3857 aui
121 3792 228 3856 dich.
253 3789 349 3855 Dann
371 3793 491 3856 kiinnte
514 3795 574 3869 γὰρ
600 3793 665 3869 ἥκει
689 3793 803 3872 (ἥκετε),
828 3789 885 3854 das
909 3791 961 3855 die
985 3789 1080 3854 Hdss,
1106 3793 1176 3854 hin-

23 3905 75 3962 ter·
100 3897 199 3975 χερεὶ
223 3894 336 3976 haben,
361 3915 419 3959 aus
443 3896 534 3959 einer
557 3895 670 3959 Glosse
694 3914 736 3958 zu
754 3894 858 3969 ἔπειγε
883 3893 1074 3957 entstanden
1095 3896 1174 3958 sein.

21 4001 162 4064 Thesm.
184 3999 264 4060 783:
291 3998 419 4079 βάειιετ’,
439 3998 585 4073 ἐπείγετε.
609 3997 727 4061 Eubul.
747 3999 796 4077 15,
815 3999 870 4074 11;
896 3997 967 4060 ὥ(τ’
984 3997 1013 4061 εἴ
1027 4019 1054 4061 τι
1071 4000 1177 4076 βούλει

19 4110 90 4168 τῶν
118 4101 338 4179 λελειμμένων
355 4106 477 4183 φαγεῖν,
495 4100 602 4177 ἔπειγ’,
619 4099 753 4175 έπειγε”.
774 4097 883 4162 Verba
902 4102 1009 4163 autem
1027 4101 1087 4178 γὰρ
1111 4102 1175 4179 ἥκει

21 4210 72 4272 sie
92 4209 131 4270 in
148 4209 281 4269 textum
292 4205 498 4288 irrepserunt,
510 4211 548 4268 ut
564 4204 671 4268 locum
682 4204 865 4267 obtinerent
873 4204 963 4266 vocis
975 4203 1175 4286 ΤΙΝΑΕΕΩΝ,

19 4331 111 4394 quae
130 4314 274 4393 propter
291 4307 396 4372 simile
412 4306 494 4371 illud
512 4307 623 4371 ΙΑΚΧΩ
640 4305 807 4371 exciderat
822 4305 874 4388 (ci.
891 4306 990 4369 schol.
1008 4325 1070 4370 rec.
1088 4305 1128 4369 ad
1146 4327 1175 4369 v.

20 4417 90 4478 343
119 4412 162 4476 ἐν
191 4410 227 4472 δέ
250 4429 304 4473 τιτι
327 4410 490 4475 ἐκλέλοιπε
512 4412 549 4474 τὸ
572 4410 744 4491 τινάεεων).
