3078 5228
175 433 228 490 Die
247 433 451 502 παρακλητικοῖ
469 435 500 490 in
519 434 569 491 der
587 435 781 506 griechischen
799 451 826 492 ο.
841 440 910 491 ποατ.
923 435 1071 491 Literstur.
1146 431 1187 494 53

73 611 211 672 ποιεῐςθαι
228 607 375 675 διδάξω.
395 606 507 672 Nikins
523 626 582 672 vor
597 607 748 692 SyrnkuS,
763 607 863 688 Thuk.
877 608 932 691 ΙΙ,
949 610 1000 692 68,
1017 610 1037 672 3
1054 611 1102 673 καὶ
1116 608 1190 672 τού-

73 711 189 775 ναντῖον
205 711 473 794 ύπομιμνήςκω
489 711 569 789 ὑμᾶς
585 712 604 789 ἢ
620 712 649 776 οἱ
665 712 808 789 πολέμιοι
826 714 926 792 ςφίςιν
944 712 1050 777 αὐτοῖς
1065 712 1102 776 εύ
1118 707 1191 776 οἶδα

74 811 114 876 δτι
139 813 415 892 παρακελεύονται.
449 813 604 898 Gylippos
631 833 691 880 vor
717 813 775 878 der
800 815 937 880 zweiten
961 814 1112 880 Sehlacht
1137 813 1191 880 δοῖ

74 913 215 998 SyrnkuS,
233 916 414 998 Thunvfl,
431 917 481 1000 66,
500 919 536 982 1:
550 967 556 980 .
569 967 596 982 ..
612 920 661 982 καὶ
677 917 706 980 εἴ
721 937 764 982 τις
780 920 820 996 μή
833 918 883 982 ἐπὶ
899 917 976 984 δεον
995 921 1041 982 δεῑ
1056 920 1191 1001 ᾔςθηται,

75 1023 305 1099 ςημανούμεν
385 1019 454 1085 und
470 1019 543 1103 VII,
563 1021 614 1103 67,
630 1021 651 1084 4
668 1021 766 1085 ..τὸ
787 1019 816 1085 δ’
833 1020 1042 1100 ἀληθέςτατον
1059 1024 1190 1102 γνῶτε,

76 1123 103 1184 ἐξ
118 1121 163 1185 ῶν
177 1125 265 1202 ἡμεῖς
280 1125 410 1203 οἰόμεθα
427 1127 538 1203 εαφῶς
553 1125 717 1190 πεπύςθαι.
737 1123 832 1189 Aueh
847 1123 955 1206 Kyros
971 1143 1030 1188 vor
1044 1121 1192 1204 Kunaxa,

75 1223 212 1310 Xenoph.
236 1225 340 1291 Anab.
361 1227 386 1310 Ι,
410 1229 439 1310 7,
459 1228 480 1291 4
510 1227 601 1292 ὅπως
628 1230 666 1292 δὲ
692 1230 743 1292 καὶ
770 1226 885 1305 εἰδῆτ’
907 1227 949 1292 εἰς
977 1225 1048 1292 οῖον
1072 1223 1192 1305 ἔρχεςθ’

75 1327 184 1412 ἀγῶνα,
208 1330 288 1408 ύμάς
313 1331 406 1394 εἰδὼς
425 1331 563 1397 διδάξω
585 1327 653 1394 und
668 1328 853 1414 Xenophon
876 1349 917 1394 an
941 1328 993 1394 die
1017 1327 1193 1414 Strategen,

76 1431 336 1514 Anab.111,1,44
353 1434 374 1498 6
390 1435 438 1497 καῖ
458 1433 538 1511 ἡμᾶς
559 1436 606 1498 δεῖ
621 1435 682 1498 νῦν
701 1433 991 1512 καταμαθόντας
1006 1481 1013 1498 .
1030 1481 1037 1498 .
1053 1481 1061 1498 .
1078 1432 1195 1498 αύτούς

76 1533 186 1612 ἄνδρας
202 1536 342 1612 ἀγαθοὺς
362 1531 504 1600 εἶναικαὶ
523 1537 599 1601 τοὺς
619 1535 735 1602 ἄλλους
755 1539 993 1615 παρακαλεῖν.
1018 1536 1090 1619 Vgl.
1110 1533 1194 1600 anch

76 1635 161 1702 Dion.
176 1639 273 1703 Arch.
291 1639 338 1703 VI
357 1641 387 1722 8,
405 1640 423 1703 1
448 1640 487 1722 (ο.
511 1638 541 1703 S.
555 1639 618 1722 52).

157 1741 290 1808 Bezieht
317 1741 387 1806 sich
415 1741 469 1807 die
494 1741 683 1826 Belehrung
708 1742 852 1826 weniger
879 1741 935 1806 nui
957 1740 1010 1806 die
1037 1741 1196 1808 tnktisehe

78 1841 155 1927 lnge
177 1843 223 1909 als
247 1844 304 1909 aui
326 1843 379 1908 dis
402 1844 559 1909 iriiheren
581 1845 808 1928 Erfahnmgen
830 1844 899 1908 und
921 1844 1027 1924 Tenen,
1055 1864 1090 1909 so
1114 1842 1196 1908 wird

79 1943 129 2010 das
151 1949 305 2013 διδάςνειν
328 1947 402 2013 dem
421 1947 606 2013 Historiker
629 1948 682 2012 ein
706 1948 952 2031 άναμιμνήςκειν.
982 1947 1023 2014 So
1042 1947 1197 2030 Polybios

78 2049 129 2132 ΠΙ,
146 2051 196 2132 63,
212 2055 247 2116 7:
278 2051 398 2116 οὐδένα
421 2052 482 2130 γὰρ
507 2050 611 2116 οὕτως
640 2051 804 2126 άλάττετον
832 2050 908 2115 οὐδὲ
935 2053 1066 2130 νωθρὸν
1089 2050 1198 2115 αὐτῶν

79 2153 227 2237 ὑπάρχειν,
257 2155 293 2221 ὃς
321 2157 574 2234 μνημονεύων
598 2157 654 2232 μὲν
676 2158 736 2219 τού
765 2155 884 2232 μήκους
908 2157 964 2231 τῆς
988 2154 1070 2219 δδοῡ
1095 2157 1198 2232 διηνυ-

79 2257 180 2335 (μένης
210 2257 245 2322 ἐκ
274 2261 341 2322 τῶν
370 2257 541 2340 πατρίδων,
571 2259 780 2336 μνημονεύων
810 2259 846 2321 δὲ
872 2259 933 2321 τού
962 2257 1106 2335 πλήθους
1131 2259 1198 2321 τῶν

79 2363 183 2434 μεταξὺ
201 2363 362 2440 πολεμίων
381 2409 388 2424 .
405 2410 412 2424 .
428 2409 435 2423 .
454 2359 513 2442 ΠΙ,
531 2361 613 2443 64,3
638 2359 701 2440 ἔφη
721 2361 782 2440 γάρ
803 2363 868 2425 δεῖν
891 2359 1023 2444 (Scipio)
1042 2409 1049 2424 .
1067 2409 1097 2424 ..
1122 2359 1199 2424 αὐτὸ

81 2463 226 2527 δὲταῦτα
249 2466 532 2540 γιγνώςκονταε
639 2462 708 2530 und
730 2463 790 2546 ΠΙ,
808 2463 894 2545 64,9
920 2512 974 2527 ...
1000 2462 1039 2527 δι’
1059 2461 1105 2527 ὧν
1129 2463 1200 2526 ἐπι-

80 2565 263 2632 δεικνύειν
287 2566 435 2647 ἑπειρᾶτο
454 2566 533 2631 διότι
551 2565 653 2645 μόνον
673 2567 862 2646 ἐπιφανῆναι
881 2569 928 2632 δεῖ
950 2569 1017 2632 τοῖς
1036 2565 1200 2643 πολεμίοις.

81 2667 169 2731 Αυοῖι
187 2667 239 2733 die
259 2668 543 2748 ’παρακαλέςαντες
561 2671 636 2734 τοὺς
660 2671 731 2748 περὶ
753 2669 810 2732 τὸν
825 2668 973 2746 Αἰμίλιον
994 2687 1053 2731 vor
1073 2667 1201 2732 Cannae

80 2765 133 2850 ΠΙ,
151 2771 221 2854 168,
241 2772 278 2835 2:
311 2773 570 2850 ςυναθροίςαντες
599 2771 638 2834 τὰ
665 2771 768 2848 πλήθη
796 2772 854 2848 τήν
882 2791 917 2836 τε
943 2775 999 2848 τῆς
1027 2771 1200 2847 ευγκλήτου

80 2875 202 2953 γνώμην
218 2876 452 2955 διεςάφηεαν
467 2878 535 2940 τοῖς
553 2877 681 2940 πολλοῖς
698 2876 748 2938 καὶ
764 2875 966 2953 παρεκάλουν
982 2876 1021 2938 τά
1037 2875 1202 2952 πρέποντα

80 2979 140 3041 τοῖς
167 2983 339 3058 παρεςτῶει
362 2981 481 3057 καιροῖς

163 3079 229 3144 Der
240 3079 345 3146 Sache
360 3079 444 3144 nach
459 3080 515 3144 hat
529 3079 690 3144 natiirlieh
703 3079 787 3143 auch
804 3077 934 3143 Cassius
946 3078 1008 3143 Dio
1024 3077 1087 3143 den
1103 3079 1203 3144 τύπος

83 3178 136 3245 der
154 3186 273 3266 διδαχή,
293 3181 420 3247 obwohl
439 3202 475 3247 er
492 3183 550 3246 ihn
568 3183 629 3246 mit
646 3181 789 3247 anderen
800 3182 937 3246 Worten
953 3181 1105 3264 einleiten
1123 3200 1148 3244 n.
1164 3181 1202 3246 Β.

82 3282 218 3369 Ι,16,2
243 3287 342 3366 ὁράτε
373 3289 479 3364 δήπου
507 3288 556 3351 καῖ
579 3285 668 3350 αὐτοὶ
696 3285 773 3350 δεον
797 3288 854 3364 μὲν
882 3287 931 3349 καὶ
959 3283 1028 3349 οῖον
1056 3283 1204 3349 ναυτικόν

82 3385 190 3467 ἔχομεν
207 3388 277 3454 und
299 3387 335 3470 L,
353 3391 438 3472 18,1
460 3389 543 3464 λέγω
569 3391 725 3453 δὲταῦτα
749 3437 804 3454 ...
827 3389 882 3452 ἵνα
905 3387 940 3451 ἐκ
962 3387 1088 3452 τούτων
1111 3406 1204 3450 κατα-

82 3491 191 3570 μάθητε
207 3515 270 3572 ...;
287 3491 399 3556 semer
414 3491 448 3574 L,
462 3493 513 3574 24,
528 3492 546 3555 l
563 3511 621 3556 zur
640 3490 827 3574 Einlsitung
848 3489 907 3555 der
924 3490 1013 3555 Rede
1030 3489 1203 3554 Ootavians

82 3596 293 3660 vernetium:
311 3594 400 3673 δρῶν
417 3643 423 3658 .
441 3645 447 3658 .
464 3644 471 3659 .
488 3596 538 3659 καὶ
557 3595 589 3662 ἐξ
605 3593 652 3659 ὧν
669 3593 746 3677 ἀκοῇ
764 3594 927 3672 μεμάθηκα
942 3595 992 3656 καῖ
1008 3591 1041 3658 ἐξ
1057 3591 1105 3656 ὧν
1121 3593 1203 3675 ἔργω

82 3699 273 3780 πεπείραμαι,
295 3699 335 3762 τά
357 3701 481 3762 πλεῖςτα
511 3698 560 3761 καὶ
587 3698 710 3774 μέγιςτα
732 3701 798 3760 τῶν
821 3699 999 3773 πολεμικῶν
1024 3745 1080 3760 ...
1105 3694 1204 3759 τοῦτό

83 3819 141 3864 που
160 3804 208 3866 καὶ
231 3801 329 3866 αὐτὸς
351 3799 411 3880 οὐχ
429 3802 535 3878 ἥκιστα
553 3800 659 3865 ἐννοῶ
678 3800 729 3863 καῖ
748 3798 820 3876 ὑμῖν
838 3801 984 3878 παραινῶ
1003 3800 1205 3876 προςνοπεῖν.

84 3899 138 3966 Βοῖ
152 3903 283 3988 Procop.
299 3902 380 3968 Bell.
393 3902 481 3967 Pers.
493 3902 536 3985 Π,
550 3903 601 3985 16,
616 3902 634 3965 6
651 3902 717 3965 will
731 3900 859 3966 Belisar
873 3920 959 3964 zwnr
972 3901 1092 3965 keinen
1104 3919 1206 3976 παρα-

84 4007 217 4083 κληπκός
241 4006 364 4088 hulten,
395 4005 554 4070 vielmehr
582 4025 646 4068 nur
676 4005 748 4069 eine
771 4003 1029 4088 Beretungsreds
1057 4003 1117 4066 mit
1143 4000 1206 4066 den

85 4105 231 4194 Πύλωνα,
250 4111 319 4176 und
338 4110 422 4176 doeh
438 4109 675 4174 kennzeichnet
692 4127 728 4172 er
744 4104 838 4172 dabei
856 4106 998 4172 indirekt
1016 4104 1073 4169 das
1086 4104 1207 4169 Wesen

85 4209 139 4276 der
155 4217 284 4294 διδαχήε
373 4213 433 4294 οὐχ
453 4212 546 4279 ὅπως
563 4212 781 4290 ύπομνήςαε
799 4211 818 4287 ἢ
837 4209 1018 4288 παραίνεςῖν
1032 4228 1100 4273 πνα
1116 4228 1207 4287 ποιη-

87 4315 214 4394 ςάμενοε
238 4319 295 4395 τήν
318 4318 472 4396 ὑμετέραν
494 4319 626 4394 γνώμην
650 4313 700 4378 ἐπὶ
722 4315 796 4379 τοὺς
815 4312 985 4390 πολεμίους
1004 4311 1131 4390 ὁρμήςω
1151 4359 1207 4376 ...
