3078 5228
348 497 389 560 72
767 505 865 560 Josei
882 504 1053 572 hibertus,

346 676 602 760 Schriitgattung
611 675 855 760 entsprechend
868 677 937 740 Vor
946 675 1144 760 demllampi
1152 675 1462 742 mithriovistber'uit

347 797 383 843 er
405 779 475 843 sich
498 779 556 842 aui
578 777 631 843 die
654 778 722 842 ihm
745 778 1017 862 eigentiimlichen
1040 779 1273 844 militarischen
1291 778 1462 858 'l'ugenden

347 880 406 946 der
422 883 533 964 virtue,
550 882 724 967 diligentia,
741 883 926 948 innocentia
941 883 1008 946 und
1024 883 1177 948 felicitas:
1194 883 1274 947 Bell.
1287 882 1365 946 Gall.
1378 883 1402 963 I,
1417 883 1463 954 40,

347 986 368 1048 4
389 988 445 1049 aut
463 1006 523 1050 cur
540 985 580 1050 de
597 1005 657 1050 sua
675 987 794 1051 virtute
812 990 869 1052 aut
888 985 928 1051 de
945 988 1046 1070 ipsius
1062 987 1229 1071 diligentia
1246 988 1463 1071 desperarent?

346 1090 552 1173 Verweigere
581 1091 636 1154 das
660 1091 748 1156 Heer
775 1091 842 1154 ihm
865 1090 1004 1173 (Caesar)
1028 1090 1090 1155 den
1115 1091 1301 1172 (iehersem,
1329 1111 1363 1154 so
1386 1097 1463 1173 hage

347 1210 383 1255 er
408 1191 506 1256 daran
538 1193 629 1258 nieht
663 1193 801 1258 Schuld:
826 1196 878 1276 40,
906 1196 947 1258 12
978 1196 1061 1259 scire
1092 1197 1192 1276 enim,
1225 1195 1464 1277 quibuscunque

348 1298 510 1361 exercitus
527 1297 611 1363 dieto
628 1299 764 1363 audiens
781 1317 845 1361 non
860 1299 968 1382 luerit,
988 1302 1044 1362 aut
1059 1299 1142 1363 male
1158 1318 1193 1363 re
1209 1302 1299 1382 gesta
1314 1298 1464 1361 lortunm

346 1397 499 1481 defuisse,
530 1403 586 1464 aut
615 1401 723 1484 aliquo
753 1401 897 1465 facinore
926 1404 1078 1484 conperto
1109 1402 1274 1465 avaritiam
1302 1418 1372 1464 esse
1398 1420 1465 1463 con-

346 1501 481 1582 victam;
509 1523 601 1568 suam
623 1505 843 1569 innocentiam
869 1511 1025 1588 perpetua
1051 1505 1126 1586 vita,
1148 1504 1336 1569 felicitatem
1359 1503 1465 1568 Helie

347 1605 463 1668 tiorum
484 1603 567 1670 hello
586 1625 657 1671 esse
676 1612 883 1690 perspectam.
908 1645 951 1654 -
975 1607 1108 1672 Wieder
1126 1610 1198 1671 eine
1217 1607 1337 1672 andere
1356 1605 1465 1670 Gestalt

347 1707 462 1770 nimmt
485 1708 543 1771 der
561 1711 674 1786 εεμνὸ(
692 1711 790 1785 λόγος
808 1730 858 1792 an,
882 1729 977 1774 wenn
996 1709 1056 1774 der
1072 1708 1228 1774 Feldherr
1246 1709 1336 1774 seine
1356 1709 1464 1772 Person

436 1934 461 1988 3.
483 1933 578 2000 coca:
599 1935 627 2004 a)
647 1935 787 2000 εὼματοε,

596 2020 625 2090 b)
645 2023 749 2086 ψυχῆς,
769 2019 873 2075 dassen
893 2019 1015 2088 εὐφυίαν
1033 2021 1176 2078 beweisen

531 2095 533 2100 ’
646 2105 674 2175 α)
694 2106 857 2172 ἀνατροφή,

648 2191 673 2261 β)
692 2191 813 2255 παιδεία,

644 2275 673 2345 γ)
693 2275 909 2343 ἐπιτηδεύματα.

436 2359 461 2414 4.
482 2361 604 2428 πράξειε,

436 2445 461 2498 ⁵·
481 2447 563 2512 τύχη,

436 2531 462 2585 6.
482 2530 618 2596 comptus
636 2531 711 2596 πρὸ(
730 2530 802 2595 ὅλην
819 2530 873 2596 τὴν
891 2529 1033 2596 haddone,

437 2617 462 2669 7.
483 2617 599 2682 θρῆνοι.

436 2700 515 2754 Noch
525 2701 615 2755 nahar
628 2699 670 2754 als
683 2700 735 2754 das
749 2699 923 2754 rhetorische
933 2699 1054 2755 Schema
1063 2698 1114 2754 des
1124 2699 1209 2763 λόγος
1222 2699 1465 2767 ἐπιτάφιοεεῐεὴεῐι

347 2785 411 2839 dem
436 2787 537 2850 (εμνὸε
567 2785 652 2848 λόγος
679 2801 798 2838 unserer
821 2783 1042 2840 Feldherrnrede
1062 2784 1107 2838 die
1127 2784 1344 2855 Auslilhrnngen
1366 2785 1465 2838 Ciceros

346 2869 416 2923 tiber
440 2868 484 2923 die
510 2868 685 2938 'lltchtiglreit
707 2870 757 2924 des
781 2869 930 2938 Pompeius
954 2869 992 2923 irn
1010 2869 1035 2922 3.
1049 2869 1108 2924 Teil
1132 2869 1182 2924 der
1200 2869 1279 2925 Rede
1304 2872 1343 2924 De
1361 2867 1463 2938 imperio

347 2955 396 3010 Cn.
407 2955 535 3025 Pompei:
549 2955 584 3009 29
595 2955 694 3024 ‘neque
708 2955 784 3010 enim
796 2957 875 3010 solae
888 2961 954 3011 sunt
966 2955 1084 3011 virtutes
1097 2955 1297 3024 imperatoriae
1310 2973 1381 3026 quae
1393 2953 1464 3020 vulgo

347 3039 552 3107 existimantur,
585 3040 664 3094 labor
684 3039 714 3093 in
736 3040 864 3108 negotiis,
896 3040 1031 3094 lortitudo
1062 3040 1092 3093 in
1124 3040 1266 3109 periculis,
1290 3041 1421 3095 industria
1438 3037 1464 3090 in

346 3125 464 3194 agendo,
484 3125 615 3179 celeritas
627 3125 657 3178 in
671 3124 855 3190 conficiendo,
875 3125 1025 3178 eonsilium
1039 3124 1069 3178 in
1088 3125 1279 3194 providendo.
1292 3168 1297 3179 .
1321 3125 1424 3180 Ebenso
1434 3121 1464 3176 36

346 3225 381 3264 ac
400 3210 521 3278 primurn
534 3213 640 3278 quanta
657 3209 820 3264 innocentia
833 3208 937 3265 debent
954 3225 1017 3264 esee
1036 3209 1235 3278 imperatores!
1255 3216 1361 3280 quanta
1376 3207 1464 3264 deinde

346 3295 376 3348 in
396 3295 527 3350 omnihus
546 3294 631 3348 rebus
651 3295 853 3364 temperantia!
875 3298 982 3364 quanta
1002 3294 1064 3362 lide,
1084 3298 1191 3362 quanta
1207 3294 1352 3362 facilitate,
1372 3294 1463 3364 quanto

346 3380 467 3448 ingenio,
484 3385 592 3447 quanta
604 3377 796 3432 humanitate!
814 3407 847 3416 —
864 3377 1068 3432 lnshesondere
1079 3379 1209 3434 heachtet
1221 3379 1321 3434 Cicero
1330 3382 1380 3436 das
1389 3377 1463 3434 Glhck

347 3464 397 3519 des
425 3463 589 3533 Pompeius:
622 3462 766 3530 egoenim
786 3461 828 3516 sio
856 3461 994 3532 existimo,
1022 3461 1153 3533 Maximo,
1175 3463 1317 3531 Marcello,
1347 3460 1463 3532 Scipioni,

347 3549 435 3604 Mario
449 3549 605 3618 ceterisque
618 3547 728 3616 magnis
741 3546 958 3616 imperatoribus
970 3563 1029 3601 non
1047 3548 1138 3602 solum
1151 3555 1264 3618 propter
1275 3550 1402 3605 virtulem
1423 3545 1464 3600 sed

348 3635 432 3689 etiam
452 3640 566 3704 propter
577 3635 720 3689 fortunam
738 3634 852 3705 saepius
870 3632 1124 3703 imperiamandata
1139 3679 1180 3691 ...
1201 3636 1253 3692 luit
1266 3637 1340 3691 enim
1354 3635 1463 3705 prolecto

348 3722 516 3791 quibusdam
535 3723 653 3777 summis
665 3723 735 3776 viris
748 3723 887 3792 quaedam
904 3723 941 3777 ad
960 3721 1175 3792 amplitudinem
1200 3726 1227 3775 et
1250 3723 1288 3777 ad
1312 3721 1423 3792 gloriam
1442 3713 1464 3769 el

348 3807 384 3862 ad
408 3823 453 3860 rea
474 3822 592 3876 magnas
619 3804 691 3861 bene
715 3807 853 3876 gerendas
879 3807 1015 3862 divinitus
1041 3807 1175 3862 adiuncta
1195 3807 1316 3862 fortuna.
1343 3807 1377 3860 de
1394 3803 1464 3858 huius

348 3898 442 3949 autem
465 3893 588 3946 hominis
607 3891 754 3960 felicitate,
775 3893 809 3947 de
833 3907 888 3962 quo
912 3907 987 3946 nunc
1005 3892 1122 3961 agrinius,
1139 3892 1194 3946 hac
1210 3897 1275 3946 utar
1288 3890 1464 3947 moderatione
1532 3945 1533 3966 ἶ

348 3977 467 4046 dicendi,
481 3993 539 4032 non
556 3982 588 4032 ut
605 3978 636 4032 in
653 3977 727 4031 illius
741 3981 880 4047 potestate
895 3977 1039 4032 fortunam
1057 3979 1178 4046 positam
1192 3993 1255 4032 esse
1273 3977 1373 4042 dicam,
1385 3973 1429 4030 sed
1439 3974 1464 4024 nl
1532 3967 1533 4028 l

348 4062 501 4132 praeterita
519 4062 690 4131 meminisse,
710 4061 819 4132 reliqua
839 4077 953 4130 sperare
972 4062 1127 4116 videamur.
1145 4091 1181 4100 -
1200 4061 1232 4115 ln
1255 4061 1306 4116 der
1324 4060 1405 4128 Rede,
1427 4057 1464 4110 die

243 4217 246 4224 ι
348 4147 510 4202 Alkihiades
533 4147 601 4212 halt,
624 4163 671 4200 um
698 4146 743 4200 die
769 4145 894 4200 Athener
919 4161 982 4200 zum
1006 4145 1127 4216 Feldzug
1145 4147 1220 4200 nach
1247 4146 1361 4201 Sicilien
1378 4161 1409 4199 ru
1425 4143 1464 4196 he·

347 4248 453 4300 wegen,
473 4232 564 4286 herult
579 4247 609 4284 er
622 4229 682 4284 sich
695 4231 744 4284 aul
756 4230 834 4284 seina
849 4229 923 4296 ἀκμή
936 4230 994 4284 und
1012 4231 1065 4284 das
1078 4230 1166 4286 Gli'rclr
1186 4231 1237 4284 des
1261 4231 1366 4286 Nikias:
1392 4229 1461 4282 Thnc.

348 4317 390 4384 Vl,
406 4317 438 4370 17
517 4317 574 4370 ἀλλ’
594 4319 649 4370 ἕω(
666 4317 722 4380 ἐγώ
736 4333 767 4370 τε
788 4319 827 4370 ἔτι
841 4317 956 4382 ἀκμάζω
977 4318 1035 4383 μετ’
1053 4319 1140 4384 αὐτῆ(
1157 4317 1202 4371 καὶ
1222 4312 1462 4376 ostnordroni<

348 4405 425 4457 δοκεῖ
445 4403 524 4466 εἶναι,
544 4403 742 4470 ἀποχρήεαεθε
760 4409 794 4472 τῇ
815 4405 951 4470 ἑκατέρου
971 4405 1055 4470 ἡμῶν
1075 4401 1195 4472 ὠφελίᾳ.
