3084 5228
268 508 455 577 Quaestiones
474 509 590 563 criticae
608 509 638 562 in
656 507 853 576 Aristophanis
873 505 992 562 tabulas.
1131 499 1193 562 153

69 680 206 746 editores
235 684 322 746 recte
349 681 471 760 πότερα
495 684 714 744 servaverimt.
748 679 863 762 Neque
887 679 973 743 enim
997 677 1197 742 offendimur

68 783 118 848 illo
135 783 309 866 tribracho
334 803 407 849 oum
431 782 558 846 iambus
582 783 691 847 statim
705 789 867 864 sequatur.
900 781 963 846 Sed
980 781 1064 865 quod
1085 783 1119 844 in
1135 780 1195 845 Nb.

69 889 130 951 845
155 887 341 952 Brunclrius
365 889 397 950 et
419 885 609 950 Dindorfius
633 887 753 965 πότερα
777 887 984 969 εαιιφααιιαιί,
1008 885 1048 949 ab
1072 885 1112 948 iis
1132 884 1196 948 dis·

68 991 177 1054 sentio
210 989 441 1054 Revocaudum
465 992 515 1053 est
536 990 650 1071 utique
673 990 822 1071 πότερον,
845 1009 886 1053 ne
911 988 1098 1070 tribrachyn
1122 1007 1197 1050 ana-

68 1097 194 1176 paestus
219 1095 253 1157 ln
276 1092 388 1156 eadem
416 1091 547 1176 dipodia
571 1093 720 1176 excipiat.
754 1091 801 1156 ct.
821 1091 861 1155 de
885 1091 945 1156 hac
968 1090 1040 1174 lege
1064 1089 1197 1154 metrica

68 1196 196 1260 Bachm.
221 1198 302 1262 coni.
328 1195 451 1261 observ.
471 1198 526 1260 Ar.
546 1218 575 1280 p.
593 1197 644 1260 59.
682 1200 791 1279 Atque
820 1196 917 1259 etiam
943 1196 979 1258 in
1002 1216 1031 1258 ν.
1049 1196 1113 1258 638
1137 1214 1198 1257 nu-

67 1319 229 1364 merorum
250 1301 476 1365 concinnitatis
498 1319 596 1364 causa
615 1303 727 1365 contra
747 1299 956 1381 Meinelrium,
978 1298 1197 1380 Blaydesium,

68 1404 143 1468 alios
168 1425 244 1468 cum
263 1404 299 1468 G.
315 1403 503 1468 Hermanno
527 1405 664 1482 πότερον
687 1406 758 1481 περὶ
782 1405 905 1482 μέτρων
930 1402 1072 1466 scribere
1091 1401 1197 1480 velim,

68 1526 107 1570 ne
137 1507 202 1572 duo
233 1505 389 1570 tribrachi
421 1507 574 1590 deinceps
604 1507 701 1590 positi
731 1507 804 1569 siut.
842 1505 910 1568 Iam
942 1525 1016 1570 cum
1048 1504 1088 1567 de
1119 1522 1197 1568 voce

67 1611 206 1689 πότερον
230 1617 351 1694 agatur,
376 1610 428 1674 hic
448 1628 635 1673 moneamus
656 1609 795 1672 editores
818 1607 1036 1672 ian.1105
1056 1609 1084 1671 ri
1103 1611 1196 1684 όῆτα;

70 1713 187 1793 πότερα
202 1717 322 1777 τοῦτον
339 1712 510 1787 ἀπάγεεθαι
528 1714 636 1791 λαβὼν
654 1712 845 1794 scripturam
862 1711 922 1775 RV
938 1711 1059 1790 πότερα
1074 1711 1197 1772 formae

69 1815 206 1895 πότερον
235 1816 269 1877 iu
293 1814 422 1880 ΜΑΔΘ
447 1815 519 1878 aliis
548 1813 716 1878 codicibus
745 1814 942 1896 scholiisque
966 1813 1102 1876 traditae
1126 1813 1197 1876 iure

68 1917 273 1998 praetulisse3
295 1918 401 2001 aptius
421 1918 509 1981 enim
526 1917 671 1980 numeris
690 1917 832 1998 itemque
851 1916 891 1980 ad
912 1936 1029 1980 sonum
1045 1916 1106 1981 hoc
1126 1916 1196 1980 loco

69 2021 198 2084 suarius
222 2039 294 2084 esse
317 2019 399 2084 illud
422 2021 541 2100 πότερα
565 2039 659 2084 nemo
683 2020 821 2102 negabit.

155 2122 195 2184 In
218 2142 248 2185 v.
266 2123 352 2186 1073
381 2143 576 2205 quamquam
600 2122 681 2185 nihil
704 2123 846 2205 interest,
873 2127 983 2186 utrum
1007 2123 1199 2206 scripturam

68 2223 97 2284 V
109 2224 370 2307 scholiorumque
386 2229 550 2304 κιχλιεμῶν
566 2245 608 2288 αα
620 2231 788 2306 καχαεμῶν
800 2227 829 2290 Β
841 2226 1080 2308 amplectamur,
1093 2231 1198 2289 tamen

69 2330 104 2390 ut
126 2331 294 2406 κιχλιεμῶν
319 2348 392 2392 cum
416 2327 590 2410 Blaydesio
616 2331 649 2391 et
670 2329 810 2412 Bergkio
836 2331 947 2392 contra
965 2329 1199 2408 Hermannum,

70 2429 276 2512 hleinekium,
300 2430 380 2494 ahos
404 2433 601 2494 retineamus
626 2434 658 2494 et
681 2451 718 2495 eo
743 2430 942 2513 adducimur,
968 2429 1054 2512 quod
1077 2429 1106 2493 R
1130 2430 1198 2494 solo

70 2533 306 2598 substantivum
323 2539 490 2613 καχαεμῶν
510 2535 707 2616 adservatur,
727 2543 759 2600 et
776 2555 822 2617 ec,
843 2536 929 2617 quod
949 2534 1047 2599 schol.
1067 2533 1104 2616 R,
1125 2555 1199 2598 cum

70 2637 137 2719 ipse
156 2637 260 2702 codex
279 2642 448 2715 ιιαχαιμῶν
467 2637 627 2719 praebeat
648 2643 811 2717 κιχλιιμῶν
827 2641 872 2718 δὲ,
893 2639 961 2702 ἀντὶ
975 2641 1033 2702 τοῦ
1050 2639 1199 2714 γελώτων

70 2741 259 2820 ἀδιαφόρων
283 2739 420 2804 adnotat.
454 2740 626 2805 Praeterea
647 2744 685 2804 ut
707 2741 742 2803 in
765 2761 794 2804 v.
812 2743 875 2804 983
897 2740 996 2804 verba
1015 2741 1199 2819 ὀψοφαγεῖν

71 2847 102 2905 et
129 2845 272 2922 κιχλίζειν
300 2845 395 2926 (omn.
417 2843 521 2926 codd.)
551 2846 610 2926 sic¹
628 2844 723 2908 etiam
751 2846 785 2906 in
814 2847 923 2907 nostro
948 2864 976 2906 v.
1000 2843 1201 2906 substantiva

71 2945 164 3022 ὄψων
184 2949 216 3010 et
235 2949 402 3025 κιχλιεμῶν
423 2946 503 3009 bene
524 2948 696 3011 coniuncta
715 2953 800 3010 sunt.
833 2948 942 3028 Recte
963 2947 1084 3030 opinor,
1104 2945 1200 3029 Blay-

71 3047 178 3112 desius
195 3048 235 3112 de
251 3050 410 3132 scriptura
424 3050 452 3113 R
469 3049 639 3113 iudicavit:
658 3050 848 3114 “Glossema
860 3051 990 3113 videtur
1001 3049 1199 3128 καχαεμῶν”.

599 3223 618 3302 ξ
641 3223 671 3283 4.

161 3345 197 3408 ln
213 3343 319 3408 Pluti
335 3364 364 3408 ν.
378 3346 419 3408 3‘2
437 3346 669 3425 ἐπερηεόμενοε
686 3347 746 3410 οὖν
763 3347 893 3430 ᾠχόμην
909 3350 992 3425 πρὸ(
1007 3348 1064 3410 τὸν
1082 3349 1157 3410 θεὸν
1171 3347 1201 3408 V

73 3447 256 3530 scholiaque
273 3449 318 3511 ὼε
332 3449 487 3530 τὸνθεόν,
504 3449 532 3512 R
544 3451 624 3526 πρὸ(
635 3450 693 3514 τὸν
706 3452 781 3514 θεὸν
794 3449 932 3514 exhibet.
952 3450 1202 3533 Aristophanem

72 3551 153 3629 πρὸ(
169 3555 246 3632 (non
264 3552 320 3632 dic)
338 3553 393 3614 τὸν
414 3553 490 3615 θεὸν
510 3571 583 3615 oum
603 3552 710 3616 verbis
730 3552 846 3616 eundi
864 3554 1075 3616 coniunxisse
1091 3554 1202 3616 multis

73 3651 226 3716 docemur
243 3653 332 3735 locis,
356 3654 445 3718 velut
463 3653 509 3718 Pl.
531 3655 594 3716 653
616 3655 793 3734 ἀφικόμεθα
812 3658 892 3735 πρὸ(
911 3660 1006 3735 (omn.
1024 3655 1127 3739 codd.)
1148 3658 1201 3720 τὸν

73 3757 161 3837 θεόν,
176 3757 240 3820 823
256 3759 312 3821 ἳνα
328 3759 408 3834 πρὸ(
423 3761 528 3839 (οιιιιιι.
542 3757 646 3838 codd.)
661 3759 718 3821 τὸν
735 3759 810 3822 θεὸν
826 3759 931 3840 ἴωμεν,
949 3760 1023 3840 827,
1041 3761 1105 3822 840
1120 3763 1203 3835 πρὸ(

73 3861 168 3938 (αιιιιι.
184 3858 288 3940 codd.)
306 3863 363 3924 τὸν
383 3863 458 3924 θεὸν
477 3865 554 3942 ἥκω,
574 3863 639 3924 844
660 3863 790 3940 ἔρχομαι
809 3863 890 3939 πρὸ(
909 3866 1003 3943 (omn.
1024 3862 1127 3942 codd.)
1144 3863 1203 3926 τὸν

74 3963 161 4044 θεόν,
179 3963 234 4026 Ra.
254 3965 319 4027 399
339 3965 566 4029 ευνακολούθει
583 3967 664 4044 πρὸ(
683 3969 778 4041 (omn.
796 3965 899 4044 codd.)
917 3968 977 4042 τήν
996 3967 1081 4029 θεόν.
1113 3965 1203 4042 Quae

74 4085 150 4128 cum
168 4066 211 4130 ita
227 4067 301 4148 sint,
321 4086 393 4130 cum
411 4066 552 4131 Velseno
573 4069 655 4145 πρὸ(
672 4069 729 4131 τὸν
750 4070 825 4131 θεὸν
842 4067 983 4132 scribere
999 4087 1065 4130 non
1082 4067 1202 4132 dubito

76 4167 273 4252 Praepositio
297 4175 405 4234 autem
429 4171 473 4234 ὼ(
493 4171 528 4232 in
547 4171 721 4254 archetypo
742 4171 813 4234 voci
832 4173 913 4248 πρὸ(
933 4172 1151 4254 superscripta
1169 4172 1204 4234 in

75 4273 200 4335 tentum
211 4273 237 4334 V
250 4272 338 4336 illata
351 4272 486 4337 videtur.
508 4273 657 4337 Ceterum
671 4275 710 4337 cf.
724 4273 763 4338 de
777 4275 1068 4357 praepositionibus
1080 4277 1160 4354 πρὸ(
1173 4278 1206 4339 et

76 4375 121 4438 ὼ(
141 4373 178 4437 ab
197 4376 413 4459 Aristophane
433 4377 596 4460 usurpatis
616 4376 744 4440 Bachm.
765 4379 846 4440 coni.
867 4376 992 4441 observ.
1012 4377 1067 4441 Ar.
1087 4398 1116 4460 p.
1132 4379 1204 4441 115.
