3078 5228
165 505 216 561 Die
234 507 437 574 παρακλητικοί
455 508 487 563 ία
504 507 554 563 der
572 509 768 578 griechischen
786 527 813 566 ιι.
826 511 895 566 τὸιιι.
908 513 1057 570 Literatur.
1133 510 1175 574 81

60 679 196 742 wahren:
225 679 380 761 Thu0.11,
396 681 448 762 89,
466 682 486 744 8
504 683 562 744 τὸν
582 683 618 744 δέ
638 681 748 756 ἀγῶνα
768 682 827 747 οὐκ
846 683 881 748 ἐν
900 691 945 769 τῷ
965 687 1076 772 κόλπῳ
1094 690 1177 755 ἑκὼν

60 776 126 845 εἶναι
148 783 313 859 ποιήςομαι
337 782 407 846 οὐδ’
425 783 628 861 ἐςπλεύςομαι
651 783 683 848 ἐς
707 784 815 850 αὐτόν.
850 787 918 864 ὁρῶ
942 791 1002 868 γὰρ
1027 790 1073 855 ὅτι
1092 795 1176 872 πρὸς

59 885 166 948 πολλάς
182 888 260 948 ναῦς
276 884 521 964 ἀνεπιστήμονας
541 885 660 961 ὀλίγαις
678 889 784 952 ναυτίν
804 889 960 968 ἐμπείροις
978 895 1029 958 καί
1047 893 1176 974 ἀμεινον

60 987 215 1052 πλεούςαις
237 987 256 1065 ἡ
280 989 472 1068 στενοχωρία
495 987 535 1051 οὐ
559 989 715 1069 ξυμφέρει.
747 989 900 1071 οὔτεγὰρ
925 994 965 1058 ἂν
988 995 1176 1064 ἐπιπλεύςειέ

59 1109 95 1154 πε
117 1091 159 1154 ὡς
183 1091 242 1168 χρὴ
267 1091 300 1154 ἐς
324 1089 460 1169 ἐμβολὴν
484 1094 523 1170 μή
553 1091 637 1170 ἐχων
660 1093 719 1169 τήν
743 1093 904 1174 πράςοψιν
927 1102 992 1163 τῶν
1017 1102 1176 1178 πολεμίων

59 1191 87 1254 ἐκ
101 1195 230 1271 πολλοῦ,
247 1191 320 1257 οὔτε
336 1193 377 1257 ἂν
394 1193 632 1272 ἀποχωρήςειεν
650 1193 684 1258 ἐν
701 1197 806 1260 δέοντι
821 1200 1014 1278 πιεζόμενος.
1039 1205 1176 1270 διέκπλοι

58 1315 85 1358 τε
99 1295 154 1359 οίικ
170 1295 243 1359 είςίν
260 1297 338 1359 οὐδὲ
354 1295 561 1378 ἀναςτροφαί,
578 1296 658 1376 άπερ
672 1302 757 1362 νεῶν
774 1293 903 1377 ἄμεινον
918 1307 1085 1371 πλεουςῶν
1098 1307 1176 1386 ἔργα
1222 1320 1226 1328 ·

58 1397 134 1479 ἐςτίν,
153 1397 219 1462 ἀλλ’
236 1398 356 1476 ἀνάγκη
376 1398 417 1461 ἀν
433 1398 479 1477 εἴη
495 1401 553 1475 τὴν
569 1402 746 1478 ναυμαχίαν
763 1407 954 1484 πεζομαχίαν
971 1410 1176 1494 καθίςταςθαι,

57 1502 99 1562 καὶ
120 1499 153 1563 ἐν
174 1503 282 1583 τούτῳ
308 1500 338 1563 αλ
361 1503 486 1565 πλείους
510 1505 584 1579 νήες
607 1503 767 1579 κρείςςους
790 1506 959 1580 γίγνονται.

137 1602 250 1667 Genau
270 1603 460 1686 umgekehrt
481 1603 536 1665 ίίίτ
554 1604 700 1668 Αίλιοαοτ
718 1606 785 1669 und
808 1607 1079 1678 Lacedaemonier
1098 1616 1177 1700 liegt

57 1704 102 1769 die
123 1706 282 1770 Situation
305 1726 364 1769 vor
386 1705 445 1770 der
466 1707 600 1770 zweiten
625 1707 833 1774 Seeschlaeht
855 1713 909 1777 bei
932 1715 1081 1796 Syrakus.
1113 1717 1176 1782 Die

57 1809 199 1890 λλλοιιοτ,
223 1810 258 1872 in
275 1808 336 1872 den
358 1809 464 1872 Ηιιίοιι
483 1809 770 1894 zuriiekgedr'a'ngt,
794 1820 925 1879 miissen
945 1818 1015 1881 sich
1039 1821 1095 1884 auf
1113 1821 1175 1885 den

56 1910 190 1976 Schiffen
209 1911 269 1976 wie
284 1932 325 1976 zu
342 1912 432 1976 einer
447 1909 685 1976 Landsohlacht
700 1919 821 1998 rfisten‚
841 1918 907 1982 und
927 1920 985 1984 der
999 1922 1175 1988 feindliche

55 2013 200 2078 Feldherr
227 2013 382 2097 Gylippos
412 2013 552 2078 ναιίολιίί
581 2013 680 2096 nieht,
713 2015 801 2082 diese
829 2019 915 2105 Lage
946 2023 1004 2088 der
1031 2027 1177 2092 Athener

55 2117 85 2178 in
105 2118 225 2181 seinem
249 2117 478 2194 παρακλητικάς
501 2137 541 2180 zu
564 2117 677 2181 seinen
703 2121 849 2187 Gunsten
873 2129 1111 2194 auszubeuten:

155 2233 245 2297 Rode
269 2232 325 2296 des
349 2231 477 2296 Nikias:
722 2234 811 2302 Rode
835 2239 892 2304 des
916 2243 1088 2329 Gylippos:

91 2335 186 2398 Τλιιτο.
203 2333 279 2417 VH,
302 2335 343 2398 62
367 2337 388 2399 ἀ
411 2339 447 2398 δέ
473 2335 584 2414 ἀρωγά
682 2337 928 2428 Thue.vl1,67,
946 2347 997 2411 2f.
1019 2351 1057 2413 τά
1072 2371 1105 2414 τε
1121 2355 1176 2430 τῆς

54 2437 205 2514 ἐνείδομεν
235 2439 284 2501 ἐπὶ
309 2443 346 2521 τῇ
370 2441 428 2501 τοῦ
457 2440 583 2516 λιμένος
638 2439 860 2521 ἀντιμιμήςεως
881 2450 988 2516 αὐτῶν
1004 2458 1059 2532 τῆς
1074 2477 1175 2535 παρα-

55 2541 199 2618 ςτενότητι
228 2543 308 2619 πρὸς
337 2542 394 2604 τὸν
428 2542 582 2619 μέλλοντα
637 2549 746 2622 ςκευής
769 2548 859 2624 ἡμῶν
881 2559 926 2635 τῷ
952 2559 1009 2634 μέν
1033 2559 1175 2644 ἡμετέρῳ

53 2639 141 2718 ὄχλον
169 2649 235 2706 τῶν
265 2647 350 2708 νεῶν
381 2643 502 2708 ἔςεςθαι
533 2647 581 2708 καλ
634 2647 745 2732 τρόπῳ
764 2654 883 2733 ξυνήθη
906 2658 939 2720 τέ
963 2658 1023 2724 ἐςτι
1046 2666 1096 2727 καί
1117 2663 1176 2728 οὐκ
1247 2713 1248 2717 ,

52 2744 122 2820 πρὸς
133 2748 192 2822 τὴν
205 2745 333 2811 ἐκείνων
346 2746 395 2810 ἐπί
406 2751 471 2810 τῶν
488 2766 582 2811 κατα·
636 2747 827 2829 ἀνάρμοςτοι
837 2759 1175 2844 πρὸςτήντὲχνηνὲκά-

51 2848 237 2926 (τρωμάτων
277 2852 491 2931 παραςκευήν,
533 2849 580 2914 οῐς
635 2872 706 2930 ςτην
719 2853 823 2920 αὐτῶν
836 2859 979 2940 ἐςόμεθα.
994 2869 1023 2932 οἱ
1039 2871 1077 2951 δ’,
1094 2871 1175 2938 ἐπει·

50 2950 201 3026 πρότερον
224 2951 450 3032 ἐβλαπτόμεθα,
478 2955 581 3016 πάντα
635 2956 696 3018 δάν
711 2961 821 3023 πολλοὶ
833 2965 889 3039 μὲν
907 2965 1027 3032 ὁπλῖται
1044 2970 1093 3035 ἐπὶ
1108 2978 1174 3040 τῶν

50 3053 92 3112 καὶ
106 3052 177 3128 ἡμῖν
194 3057 255 3118 νῦν
274 3055 308 3117 ἐκ
323 3060 388 3117 τῶν
406 3056 580 3133 παρόντων
634 3063 906 3140 καταςτρωμάτων
922 3073 1009 3148 παρὰ
1025 3075 1061 3136 τὸ
1082 3083 1174 3143 καθε-

51 3155 196 3226 μετὰτῶν
215 3161 420 3235 κυβερνητῶν
437 3159 579 3238 ἐςκεμμέ-
634 3163 743 3238 ετηκὸς
760 3163 822 3248 ὡςι,
838 3173 951 3235 πολλοὶ
968 3177 1004 3238 δὲ
1017 3177 1066 3240 καὶ
1079 3179 1172 3244 άκον-
1218 3219 1226 3238 ·

50 3275 84 3317 να
102 3257 286 3335 ἡτοίμασται.
310 3261 433 3338 καὶγὰρ
455 3262 579 3327 τοξόται
600 3311 602 3315 -
632 3267 733 3346 τιςταί,
750 3275 884 3345 χερςαίοι
904 3273 947 3338 ὡς
963 3277 1058 3342 εἰπεῖν
1069 3275 1173 3360 Ἀκαρ-

49 3363 154 3423 πολλοὶ
169 3361 579 3441 καὶάκοντιςταὶέπιβήςον-
633 3370 726 3433 νᾶνὲς
753 3391 787 3436 τε
817 3377 866 3437 καλ
895 3375 983 3443 άλλοι
1015 3381 1063 3444 ἐπὶ
1092 3389 1171 3451 ναῦς

48 3478 89 3522 τοι
106 3465 154 3525 καὶ
173 3462 271 3542 ὄχλος
290 3461 315 3547 ᾦ
332 3467 506 3545 ναυμαχίαν
522 3471 577 3546 μὲν
632 3469 816 3556 ἀναβάντες,
836 3479 866 3540 οἳ
885 3479 956 3543 οὐδ’
972 3483 1061 3550 ὅπως
1080 3495 1171 3554 καθε-

48 3565 224 3642 ποιούμενοι
248 3567 283 3630 ἐν
306 3567 432 3645 πελάγει
456 3571 514 3635 οὐκ
537 3571 578 3636 ἂν
632 3575 785 3652 Ζομὲνους
800 3583 862 3657 χρὴ
878 3584 915 3646 τὸ
936 3587 1027 3662 βέλος
1043 3590 1171 3670 ἀφεῖναι

48 3664 206 3743 ἐχρώμεθα
220 3671 271 3733 διὰ
283 3671 319 3733 τὸ
333 3673 476 3749 βλάπτειν
487 3673 526 3738 ἀν
537 3677 575 3740 τὸ
631 3675 801 3762 εὑρήςουςι,
825 3690 894 3749 πως
914 3686 952 3750 οὐ
969 3694 1121 3767 ςφαλοῡςί
1137 3715 1170 3760 τε

46 3771 95 3844 τῆς
113 3769 275 3850 ἐπιστήμης
293 3780 328 3855 τῇ
349 3774 493 3855 βαρύτητι
511 3783 576 3842 τῶν
630 3781 686 3844 τάς
710 3785 790 3848 ναῦς
814 3788 863 3850 καλ
888 3788 923 3852 ἐν
943 3794 1042 3867 ςφίςιν
1062 3796 1169 3863 αὐτοῖς

47 3876 131 3952 νεῶν,
151 3872 186 3936 ἐν
206 3878 242 3938 δὲ
258 3881 294 3958 τῇ
312 3877 426 3943 ἐνθάδε
441 3880 576 3956 ἠναγκα-
629 3883 747 3950 πάντες
760 3887 818 3952 οὐκ
831 3891 866 3952 ἐν
877 3897 923 3974 τῷ
940 3893 1047 3959 αὐτῶν
1058 3897 1167 3984 τρόπῳ

46 3975 132 4058 ιμὲνη
148 3976 211 4040 ἀπὸ
226 3982 292 4041 τῶν
304 3985 388 4043 νεῶν
400 3987 575 4067 πεζομαχίᾳ
630 3989 810 4066 κινούμενοι
820 3995 1023 4075 ταράξονται;
1037 3999 1102 4063 ἐπεὶ
1119 4003 1168 4065 καλ

45 4076 309 4156 πρὸςφοραέςται.
324 4081 453 4162 ηὕρηται
464 4085 574 4164 δ’ἡμῖν
629 4097 674 4173 τῷ
693 4095 803 4171 πλήθει
822 4101 887 4157 τῶν
904 4102 989 4161 νεῶν
1008 4099 1066 4163 οὐκ
1083 4101 1168 4182 ὠφε·

47 4174 98 4240 ὅςα
122 4183 180 4258 χρή
201 4182 501 4269 ἀνπναυπηγεῐςθαι,
525 4191 575 4252 καὶ
630 4195 784 4278 λήςονται,
804 4198 832 4262 εί
845 4219 889 4264 πε
908 4202 957 4264 καί
974 4202 1049 4266 τόδε
1069 4204 1166 4290 ὑμῶν,

45 4280 117 4354 πρὸς
134 4283 189 4348 τάς
205 4289 272 4349 τῶν
289 4287 453 4354 ἐπωτίδων
469 4292 575 4358 αὐτοῖς
629 4294 675 4360 ὅτι
688 4295 746 4361 οίικ
758 4297 835 4365 ίςατς
847 4307 1046 4388 ναυμαχήςει,
1062 4309 1166 4387 πεφά-

45 4385 230 4469 ποχύτητας,
264 4389 352 4474 ᾧπερ
381 4395 419 4470 δή
448 4395 573 4471 μάλιςτα
629 4401 725 4477 βηται.

93 4520 189 4578 xm‚2
1003 4532 1020 4586 6
