3084 5228
242 418 430 487 Quaestiones
449 419 565 474 criticae
585 419 615 472 in
633 418 830 488 Aristophanis
850 420 969 474 fabulas.
1127 416 1168 478 93

56 596 163 654 textum
181 593 312 674 recepit,
333 611 528 674 quamquam
547 590 739 672 Blaydesius
758 610 829 656 eam
849 611 890 656 ex
909 595 1170 680 interpretatione

56 701 146 756 natan
167 713 238 758 esse
267 698 419 757 autumat
460 693 524 758 Sed
546 713 613 756 non
636 695 745 757 minus
768 697 855 758 recte
880 697 1042 763 affirmare
1065 703 1170 782 possis

55 797 264 879 imperativum
280 796 343 860 ἔλθ’
362 796 451 861 verbi
470 796 511 860 ἴθ’
528 795 711 879 explicandi
731 815 828 861 causa
844 797 1044 883 adscriptum
1060 802 1169 869 fuisse.

55 899 143 976 Quam
165 899 205 962 ob
230 918 298 962 rem
322 900 495 980 videamus,
521 905 627 963 utrum
651 899 740 976 δεῦρ’
760 900 824 964 ἔλθ’
843 921 884 964 an
904 905 992 981 δεῦρ’
1012 905 1052 968 ἴθ’
1073 909 1170 970 comi·

54 1021 104 1066 cus
125 1002 241 1066 dixisse
271 1001 433 1086 putandus
462 1003 513 1065 sit.
552 1001 659 1084 Atque
682 1002 770 1068 locos
793 1003 977 1088 adferamus
1001 1009 1171 1090 quibusR

53 1113 81 1169 et
99 1105 124 1166 V
142 1105 190 1168 vel
215 1105 247 1186 ii,
275 1107 332 1187 qui
354 1125 412 1188 pro
429 1105 459 1166 V
482 1110 566 1187 sunt,
591 1105 719 1170 codices
742 1106 777 1168 in
801 1106 851 1170 bis
874 1107 1091 1175 locutionibus
1114 1131 1171 1176 ex·

52 1207 188 1272 bibendis
208 1207 430 1272 consentiunt:
456 1211 553 1286 bertoo
574 1227 647 1272 cum
667 1209 738 1273 ἐλθὲ
756 1209 791 1271 in
810 1209 869 1292 Nq.
888 1213 961 1292 150,
982 1214 1055 1296 559,
1076 1217 1170 1298 1335,

51 1311 99 1375 Ρο.
119 1312 194 1391 709,
225 1309 280 1374 Rs.
301 1312 375 1392 549,
405 1310 459 1374 Tb.
482 1310 563 1389 634,
596 1313 693 1389 δεῦρο
722 1330 797 1374 cum
822 1312 929 1378 ἔξελθε
957 1316 990 1378 in
1014 1314 1072 1398 Nq.
1094 1318 1169 1400 725,

50 1413 103 1477 Nb.
119 1415 190 1495 866,
209 1414 311 1492 1485,
337 1416 436 1490 δεῦρο
453 1432 527 1476 cum
546 1413 586 1476 ἴθι
607 1412 640 1475 in
660 1413 741 1477 Aah.
760 1416 833 1497 155,
852 1417 913 1480 Av.
931 1417 1004 1499 252,
1024 1417 1079 1482 Nc.
1097 1422 1170 1502 737,

49 1518 120 1597 892,
143 1515 201 1598 Nq.
224 1517 324 1594 1389,
349 1515 398 1578 Is.
424 1515 522 1592 1271,
547 1515 606 1579 Nb.
629 1517 707 1592 932,
732 1516 786 1581 Ρο.
807 1520 863 1600 79,
885 1520 963 1601 298,
988 1519 1043 1584 Ro.
1067 1524 1170 1602 1368,

48 1623 138 1698 δεῦρο
157 1639 232 1683 oum
248 1619 322 1682 ἔξιθι
338 1620 373 1680 in
389 1618 443 1683 Nc.
461 1621 536 1701 734,
553 1620 626 1682 739.
650 1620 759 1701 Atque
778 1621 872 1684 etiam
893 1622 974 1687 aliae
992 1625 1171 1690 locutiones

45 1723 258 1804 inveniuntur,
274 1741 301 1786 e.
313 1743 342 1805 g.
359 1723 415 1803 idq.
429 1723 494 1786 586
512 1723 599 1801 δεῦρ’
617 1722 735 1802 ἀφικοῦ
753 1726 786 1786 et
800 1723 850 1787 bs.
866 1726 950 1789 1263
972 1727 1047 1804 μόλε
1063 1732 1170 1808 δεῦρο.

46 1826 166 1890 Novem
180 1826 281 1908 igitur
299 1825 378 1890 locis
394 1825 521 1890 codices
540 1827 625 1890 inter
644 1843 678 1889 se
698 1828 906 1891 consentiunt
919 1829 953 1891 in
974 1850 1053 1895 voce
1072 1835 1170 1909 δεῦρο

46 1949 114 1993 oum
137 1931 212 1993 ἔλθέ
240 1928 292 1992 vel
321 1929 427 1994 ἔξελθε
456 1930 636 1992 coniuncta.
671 1928 851 1995 Duodecim
875 1931 955 1995 locis
983 1933 1171 1998 adverbium

46 2038 185 2095 nostmm
214 2051 288 2096 cum
311 2031 352 2094 ἴθι
379 2031 430 2094 vel
454 2032 528 2097 ἔξιθι
552 2033 764 2096 coniunctum
788 2033 967 2098 exhibetur.
1003 2035 1171 2118 Nusquam

45 2154 116 2198 vero
134 2134 269 2198 formam
289 2133 370 2217 plur.
390 2135 533 2217 imperat.
553 2135 661 2199 ἔλθετε
686 2154 761 2198 cum
781 2139 879 2216 δεῦρο
899 2140 1104 2202 coniunctam
1122 2140 1172 2203 in·

46 2239 197 2300 venimus
221 2236 343 2300 Plurali
358 2237 446 2302 enim
464 2239 492 2300 si
511 2255 592 2320 opus
609 2241 685 2318 erat
708 2239 941 2321 Aristophanes
959 2241 1002 2305 ἴτε
1018 2241 1172 2324 adhibuit,

46 2340 130 2404 velut
148 2343 182 2404 in
199 2339 252 2403 Pc.
267 2342 318 2420 79,
335 2339 390 2403 Ra.
405 2341 500 2403 1368.
529 2339 643 2422 Neque
660 2341 694 2403 in
717 2340 889 2405 verborum
905 2345 1064 2426 positione
1079 2348 1173 2428 poeta

45 2443 103 2505 sibi
126 2444 279 2523 constitit,
309 2463 384 2506 oum
412 2442 601 2506 adverbium
632 2448 663 2506 et
691 2449 764 2506 ante
793 2450 825 2508 et
852 2451 925 2528 post
947 2447 1172 2530 imperativum

45 2545 212 2608 collocaret
239 2551 271 2608 et
298 2546 332 2608 in
355 2544 409 2608 Th.
430 2545 510 2627 634,
534 2544 585 2608 Ls.
605 2545 687 2608 1271
714 2546 940 2629 imperativum
970 2569 1048 2614 voce
1072 2553 1171 2630 δεῦρο

45 2647 91 2710 bis
116 2649 216 2730 posita
239 2647 517 2712 circumcluderet
554 2647 625 2725 Qua
648 2667 688 2711 ex
719 2653 956 2733 comparatione
979 2654 1173 2736 perspicitur

44 2757 149 2814 nostro
173 2751 244 2814 loco
268 2769 335 2814 rern
355 2770 420 2814 non
444 2751 488 2814 ita
511 2750 682 2834 disceptari
701 2772 802 2835 posse,
828 2757 864 2816 ut
886 2761 942 2818 aut
964 2755 1005 2818 ἴθ’
1030 2764 1086 2819 aut
1108 2756 1172 2819 ἔλθ’

44 2853 198 2934 glossema
213 2871 284 2917 esse
300 2853 434 2916 dicatur.
457 2853 571 2936 Itaque
589 2855 622 2916 id
639 2855 725 2936 quod
741 2857 775 2919 in
791 2855 882 2919 libris
896 2856 964 2920 fide
980 2862 1107 2940 praeter
1122 2877 1174 2922 co·

45 2961 126 3018 leros
147 2956 255 3040 dignis
278 2956 404 3040 legitur,
428 2957 649 3041 recipiendum
674 2961 743 3022 erit.
778 2961 885 3041 Atque
909 2981 981 3023 cum
1003 2961 1174 3043 praetorR

45 3060 137 3122 etiam
154 3058 217 3122 MA
240 3059 358 3141 aliique
375 3060 504 3124 codices
521 3061 585 3124 ἔλθ’
601 3062 776 3144 praebeant
795 3069 827 3127 et
841 3070 950 3128 nostro
966 3065 1037 3128 loco
1053 3065 1174 3129 similes

44 3162 252 3226 inveniantur
267 3163 323 3244 Eq.
339 3165 402 3227 150
425 3163 513 3242 δεῦρ’
530 3165 604 3246 ἔλθ’,
627 3167 682 3229 'lvo
696 3166 789 3248 πύθῃ,
806 3167 869 3229 727
889 3167 998 3250 ἔξελθ’,
1021 3167 1065 3232 ἵν’
1082 3169 1173 3251 εῐδῇε,

46 3262 103 3326 Nb.
125 3267 191 3328 822
220 3265 377 3347 πρόεελθ,
405 3267 447 3330 ἵν’
472 3267 556 3350 εἰδῇ(
582 3270 720 3350 πλείονα,
751 3268 886 3331 dubium
914 3287 979 3331 non
1009 3275 1064 3351 est,
1095 3271 1175 3351 quin

46 3365 137 3430 lectio
157 3367 185 3431 R
208 3367 297 3445 δεῦρ’
314 3368 390 3444 ἔλθ’,
412 3371 467 3433 ἵνα
491 3369 590 3452 κλάῃ(
615 3369 771 3433 servanda
793 3371 842 3432 sit.

135 3471 172 3534 V.
189 3472 231 3534 62
255 3470 346 3534 libris
370 3473 418 3535 sic
440 3471 627 3536 exhibetur:
651 3475 721 3552 περὶ
745 3473 945 3550 τούνόματοε
973 3473 1002 3537 δ’
1025 3474 1176 3552 ἠντεῡθεν

45 3571 90 3650 (R,
110 3577 171 3652 δῆν
190 3575 338 3638 ἔντεύθεν
356 3574 392 3655 V,
418 3575 485 3652 δῆτ’
504 3574 538 3655 S)
560 3576 817 3654 ἐλοιδορούμεθα.
847 3575 882 3638 G.
899 3576 1106 3640 Hermannus
1126 3576 1176 3654 δὴ’

46 3675 184 3739 ’νιεῦθεν
206 3677 358 3758 reposuit.
388 3676 478 3753 Quae
499 3678 596 3741 rerba
619 3683 749 3761 propter
768 3697 931 3742 caesuram
951 3699 1080 3763 pravam
1101 3699 1178 3743 ana-

46 3779 145 3856 paesti
163 3778 283 3842 criticis
295 3780 538 3863 Aristophaneis
555 3779 683 3843 tolerari
699 3800 763 3842 non
780 3800 873 3864 posse
885 3781 1044 3846 videntur.
1064 3782 1177 3864 Neque

46 3876 328 3964 iniurialdngerus,
339 3881 538 3964 Blaydesius,
550 3883 703 3963 Koclrius,
716 3883 771 3946 alii
787 3885 821 3946 in
834 3890 1007 3967 anapaesto
1019 3890 1088 3948 -θεν
1101 3885 1178 3948 ἐλοι-

47 3979 259 4047 ollenderunt
283 3983 367 4047 Talis
384 3986 470 4048 enim
487 3986 599 4049 incisio
619 3987 781 4068 anapaesti
798 3988 902 4051 vicem
922 3988 1018 4051 iambi
1037 3988 1179 4070 gerentis

48 4081 81 4141 in
109 4091 223 4164 quarto
251 4085 333 4169 pedo
361 4089 497 4150 trimetri
525 4088 654 4151 iambici
682 4089 760 4152 ferri
783 4108 847 4152 non
877 4097 989 4172 potest,
1019 4091 1082 4154 nisi
1105 4095 1178 4154 ante

48 4186 173 4250 tertiam
196 4190 283 4251 arsin
307 4191 415 4272 gravis
439 4210 573 4254 caesura
595 4191 641 4271 fit
667 4192 812 4254 velutin
837 4191 887 4256 Ls.
906 4193 969 4256 768
995 4195 1034 4270 μὴ
1060 4195 1179 4257 εταειά-

49 4303 168 4362 cuper·
189 4289 193 4372 Ι
213 4291 273 4355 ἔετι
297 4291 362 4354 δ’ὁ
391 4295 528 4372 χρηεμδε
554 4295 674 4374 οὑτοεί,
697 4293 752 4358 Ra
775 4295 838 4358 652
864 4295 1036 4374 ἅνθρωποι
1059 4296 1153 4373 ἱερόε.
1173 4292 1177 4384 Ι
