3176 5222
357 459 399 522 92
777 465 876 520 ίοοεί
892 464 1067 532 λίδετίιιι,

446 635 533 701 Hine
557 638 644 701 acies
667 639 788 701 statum
813 636 933 701 dueum
957 643 1013 701 est
1038 636 1198 702 Caesarne
1221 643 1354 701 senatus

446 739 560 804 Victor
583 740 670 804 erit?

446 845 485 908 In
509 843 568 908 der
589 843 767 908 Keiserzeit
790 844 860 908 tn’tt
882 843 916 906 in
941 843 1047 908 dieser
1065 844 1225 907 Parfinese
1247 841 1414 906 natiirlich
1439 842 1496 906 der

356 947 472 1014 Καίτοι
500 968 541 1012 an
571 947 667 1014 Stelle
700 947 759 1010 der
787 944 1092 1030 republikanischen
1122 945 1338 1010 Antoritfiten.
1385 945 1496 1010 Daher

356 1051 450 1115 weist
474 1050 564 1115 Titus
592 1050 645 1116 die
672 1050 791 1116 Seinen
821 1050 878 1114 auf
907 1051 964 1114 das
995 1050 1099 1115 Urteil
1126 1048 1185 1114 der
1206 1049 1297 1114 Welt
1324 1049 1412 1113 iiber
1439 1048 1496 1112 dns

355 1153 524 1218 Flavische
539 1153 631 1218 Hans
652 1154 719 1218 und
740 1157 812 1222 sein
830 1157 920 1222 Heer
938 1157 996 1219 hin
1014 1156 1068 1221 bei
1088 1157 1150 1220 Ios.
1167 1155 1246 1220 Bell.
1262 1156 1334 1220 Iud.
1351 1157 1414 1239 ΠΙ,
1430 1157 1495 1221 492

355 1257 473 1334 νομίζω
492 1260 527 1320 δὲ
546 1258 609 1333 έγῶ
629 1257 679 1321 ἐπί
695 1261 788 1335 τῆςδε
806 1262 862 1337 τῆς
880 1259 967 1336 ὥρας
984 1259 1107 1322 καὶτὸν
1122 1260 1242 1335 πατέρα
1257 1260 1314 1322 τὸν
1332 1259 1415 1337 ἐμὸν
1435 1261 1496 1338 κρί-

356 1364 459 1425 νεςθοι
472 1357 551 1438 κάμέ
567 1359 617 1423 καί
627 1360 715 1442 ὑμᾶς,
728 1361 753 1424 εί
765 1362 830 1429 τῶν
842 1363 899 1438 μέν
914 1360 1244 1438 προκατωρθωμένων
1260 1360 1349 1426 ἄξιος
1366 1361 1495 1442 ἐκεῖνος,

357 1461 419 1536 ἐγὼ
433 1461 462 1524 δ’
472 1463 592 1526 ἐκείνου
605 1467 687 1544 παῖς,
700 1466 881 1541 ςτραπῶται
892 1462 922 1525 δ’
932 1463 1016 1538 ὑμεῖς
1028 1461 1117 1539 ἐμοῦ.
1133 1451 1275 1527 Ᾰίιιιίίοίι
1287 1464 1433 1528 stachelt
1441 1463 1497 1526 der

356 1565 473 1630 Pemer
490 1565 671 1630 Mirrhanes
696 1565 758 1630 den
778 1566 893 1648 Ergeiz
913 1567 969 1630 dee
987 1565 1122 1646 HeereS,
1140 1565 1249 1628 indem
1268 1585 1305 1629 er
1324 1585 1361 1630 es
1381 1588 1423 1630 nn
1441 1567 1495 1630 dns

356 1668 462 1733 Urteil
478 1668 534 1733 des
549 1667 672 1752 Kenigs
689 1669 746 1733 der
763 1669 890 1754 Kenige
906 1671 1051 1735 erinnert
1069 1668 1121 1734 bei
1137 1669 1228 1734 Proe.
1246 1668 1281 1733 B.
1295 1669 1331 1733 P.
1346 1669 1374 1750 1,
1389 1671 1442 1750 14,
1456 1671 1495 1731 18

357 1773 437 1851 ὑμᾶς
454 1773 499 1854 δέ,
516 1771 543 1835 e
560 1771 674 1850 ἄνδρες
686 1771 812 1854 Πέρςαι,
827 1775 885 1836 τοῦ
902 1774 1053 1851 βαςιλέων
1070 1772 1221 1850 βοςιλέως
1237 1773 1255 1849 ἡ
1271 1773 1369 1850 κρίςις
1387 1773 1494 1836 είςίτω·

698 1932 753 1996 VI.
777 1931 852 1996 Das
876 1933 1143 2012 ἐκβηςὸμενον.

445 2049 518 2112 Wir
534 2049 662 2112 kennen
678 2048 760 2114 iiber
776 2049 888 2114 diesen
907 2049 1008 2113 τόποι
1025 2049 1118 2113 resch
1136 2049 1384 2132 hinweggehen‚
1410 2050 1492 2113 denn

356 2151 523 2216 innalfflch
548 2152 647 2216 bietet
670 2171 706 2216 er
725 2171 786 2214 uns
804 2172 864 2216 zur
881 2150 1299 2217 Feldherrnberedsamkeit
1317 2153 1415 2217 nieht
1432 2151 1492 2216 viel

356 2273 474 2333 neues;
492 2255 576 2319 doeh
592 2255 635 2318 ist
646 2275 681 2319 es
697 2255 871 2318 immerhin
888 2254 1160 2320 bemerkenswert
1175 2256 1242 2319 und
1259 2255 1491 2334 festznstellen,

357 2356 418 2421 dass
426 2359 750 2424 ααοίιιίίοοοοτελικὸν
758 2359 933 2438 κεφάλαιον
941 2358 1235 2438 ιίειιπαρακλητικοί
1243 2359 1490 2443 niehtmangelt„

358 2461 437 2525 Klar
451 2463 599 2526 zeiehnet
610 2461 726 2544 Syrien
744 2460 800 2525 das
807 2461 929 2524 Wesen
945 2461 1002 2524 des
1018 2461 1232 2540 ἐκβηςόμενον
1251 2461 1317 2524 und
1330 2466 1446 2546 grenzt
1460 2481 1492 2526 es

358 2584 461 2648 gegen
478 2565 535 2628 das
557 2566 719 2644 ςυμφέρον
740 2564 796 2628 ab:
820 2563 853 2626 ΙΙ
869 2565 942 2646 189,
954 2565 996 2627 28
1009 2563 1046 2628 R.
1063 2567 1169 2644 φαμὲν
1186 2565 1246 2628 οὖν
1264 2562 1314 2628 ὅτι
1331 2566 1368 2629 ἐν
1386 2570 1488 2646 μέντῇ

358 2672 417 2733 τοῦ
438 2669 656 2747 ςυμφέροντος
673 2668 795 2746 ἑκβάςει
809 2668 848 2730 τὰ
868 2671 1008 2745 προςεχῆ
1029 2666 1215 2745 ἐξετάζομεν
1230 2669 1315 2748 τέλη,
1338 2669 1375 2732 ἐν
1393 2671 1430 2733 δὲ
1449 2671 1490 2748 τῷ

359 2772 559 2854 ἐκβηςομένω
575 2775 640 2835 τῶν
659 2771 720 2834 έκεῐ
738 2775 841 2835 τελῶν
861 2770 1088 2836 ἐξεταςθέντων
1103 2771 1141 2833 τὰ
1156 2771 1227 2848 τέλη
1248 2773 1489 2848 διαςκοποῡμεν.

359 2897 387 2960 p.
399 2876 472 2957 190,
487 2877 527 2939 10
539 2875 579 2938 τὰ
598 2924 644 2938 ...
666 2879 733 2938 τῶν
748 2878 851 2938 τελῶν
865 2875 946 2953 τέλη,
970 2872 1050 2951 δίπερ
1072 2873 1115 2939 είς
1130 2876 1168 2938 τὸ
1186 2873 1405 2952 ἐκβηςόμενον
1421 2873 1489 2937 ἀνά·
1558 2903 1559 2918 ι

358 2999 465 3060 γομεν,
478 2979 580 3042 ἐκεῖνα
596 2977 645 3041 ὅτι
660 2976 706 3041 ιἑν
723 2977 907 3059 Μακεδονίᾳ
925 2979 983 3054 μὲν
998 2979 1214 3054 πολεμοῦντες
1234 2980 1365 3041 πλεῑςτα
1384 2980 1489 3055 κερδα-

359 3085 488 3162 νοῦμεν,
505 3081 541 3144 έν
553 3083 588 3143 δὲ
599 3087 635 3163 τῇ
647 3081 759 3162 Ἀττικῇ
770 3082 829 3143 τοῦ
841 3079 981 3157 πολέμου
994 3079 1163 3143 ςυςτάντος
1175 3080 1251 3144 τάδε
1263 3079 1314 3142 καὶ
1325 3081 1405 3144 τάδε
1417 3080 1488 3156 ἡμᾶς

358 3184 568 3262 περιςτήςεται
593 3184 633 3246 τὰ
656 3185 752 3247 δεινά.
786 3180 863 3246 Und
887 3200 943 3244 um
967 3181 1024 3244 das
1043 3181 1165 3245 Wesen
1193 3180 1250 3245 des
1278 3183 1487 3262 ἐκβηςόμενον

359 3287 428 3351 klar
451 3306 491 3349 zu
515 3286 663 3368 maehen,
687 3285 778 3348 fnhrt
800 3285 915 3366 Syrien
941 3285 995 3348 ein
1015 3283 1156 3368 Beispiel
1179 3303 1237 3348 aus
1255 3282 1487 3348 Demosthenes
1557 3313 1558 3388 ρ

359 3391 386 3474 (I
406 3390 491 3466 25f.)
507 3411 563 3454 an:
588 3390 705 3474 p.190,
723 3391 763 3452 15
787 3391 846 3466 τήν
869 3393 927 3467 μὲν
950 3389 1010 3452 οὖν
1037 3391 1095 3451 τοῦ
1125 3388 1346 3466 ςυμφέροντος
1370 3389 1486 3465 ἔκβααν

360 3495 513 3560 ἐξετάζων
531 3493 609 3557 τάδε
632 3495 727 3572 φηςὶν
750 3491 805 3556 ιἔτι
827 3493 944 3572 τοίνυν,
969 3489 1175 3570 ῶἈθηναίοι,
1199 3492 1278 3568 μηδὲ
1301 3489 1397 3554 τοῦθ’
1413 3490 1484 3566 ὑμᾶς

361 3597 553 3677 λανθανέτω,
578 3594 624 3659 ὅτι
647 3599 708 3659 νῦν
732 3596 847 3673 αίρεςίς
872 3595 952 3658 ἐςτιν
976 3594 1055 3674 ὑμῖν,
1079 3593 1221 3669 πότερον
1240 3592 1321 3668 ὑμᾶς
1347 3593 1410 3656 ἐκεῖ
1432 3591 1483 3669 χρὴ

360 3703 509 3776 πολεμεῖν
524 3700 543 3776 ἢ
556 3697 631 3775 παρ’
649 3698 720 3776 ὑμῖν
737 3699 874 3762 ἐκεῖνον·
891 3698 948 3761 ἐὰν
965 3698 1022 3773 μὲν
1039 3696 1100 3772 γὰρ
1117 3693 1233 3778 ἀντέχῃ
1248 3695 1287 3758 τὰ
1298 3699 1367 3760 τῶν
1380 3695 1484 3759 Ὀλυν-
1556 3779 1557 3800 ¹

361 3803 447 3882 Θίων,
472 3801 557 3880 ὑμεῖς
578 3802 640 3865 ἐκεῖ
654 3803 845 3880 πολεμήςετε
866 3802 916 3864 καὶ
931 3802 988 3878 τήν
1005 3801 1125 3863 ἐκείνου
1145 3803 1251 3863 κακῶς
1275 3800 1418 3878 ποιήςετε
1433 3799 1482 3872 τήν

360 3905 567 3982 ὑπάρχουςαν
588 3905 637 3967 καί
655 3905 713 3979 τήν
730 3903 847 3967 οἰκείαν
866 3903 983 3982 ταύτην
999 3901 1103 3968 ἀδεῶς
1125 3903 1355 3981 καρπούμενοι·
1379 3899 1481 3964 ἐὰνδὲ

361 4009 463 4072 ἐκεῖνα
483 4008 639 4071 Φίλιππος
663 4007 753 4090 λάβῃ,
776 4008 820 4070 τίς
844 4006 942 4071 αὐτὸν
966 4004 1098 4071 κωλύςει
1123 4007 1221 4084 δεῦρο
1247 4003 1430 4082 βαδίζεινῼ)

363 4095 574 4107 ...--ι-ι

454 4131 473 4200 ¹)
491 4131 542 4184 Ein
562 4131 699 4185 fassliches
718 4129 838 4199 Beispiel
859 4129 908 4184 des
928 4129 1117 4195 ἑκβηςόμενον
1135 4128 1184 4183 hat
1197 4127 1342 4196 Antiphon
1354 4125 1479 4190 Tetraleg·
1555 4133 1556 4209 ,

361 4217 413 4271 Aa
430 4217 462 4270 9:
486 4213 719 4281 Ἐξελεγχδμενος
743 4217 767 4268 δ’
781 4215 838 4268 ὑπό
857 4231 888 4268 τε
911 4219 971 4268 τῶν
991 4213 1109 4267 είκδτων
1128 4213 1185 4266 ὑπό
1204 4228 1235 4266 τε
1252 4216 1312 4264 τῶν
1333 4223 1478 4277 παραγενο-

364 4303 467 4366 μένων,
492 4302 586 4355 οὐδενί
610 4302 712 4368 τρόπῳ
740 4301 807 4354 οὔτε
832 4299 947 4354 δικαίως
971 4300 1038 4353 οὔτε
1061 4298 1261 4366 ςυμφερόνιως
1288 4295 1429 4350 ἀπολύοι(
1447 4293 1477 4344 δν

362 4388 413 4453 ὑφ’
426 4389 517 4452 ὑμῶν.
538 4387 567 4440 οί
585 4403 616 4440 τε
634 4388 690 4453 γὰρ
711 4389 767 4440 κτλ.
