3184 5234
323 455 511 525 Quaestiones
531 455 645 512 criticae
664 453 694 510 in
712 455 909 524 Aristophanis
928 454 1048 510 fabulas.
1231 449 1251 512 ‘l

210 628 411 712 aequoniam
422 627 770 711 dcuniversaimagine
781 626 1249 710 codicumAristophaneorum

115 732 271 812 diximus,
299 736 404 814 restat,
430 734 466 794 ut
489 731 528 796 de
551 731 642 794 libris
664 729 908 811 recentioribus,
932 729 987 812 qni
1010 731 1044 792 in
1063 729 1252 794 Acharneu-

114 835 218 916 sibuS,
240 835 481 917 Ecclesiaausia
504 832 688 916 Lysistrata,
711 832 1048 917 Thesmophoriazusis
1068 851 1126 916 pro
1147 833 1176 895 V
1196 833 1250 897 ad-

113 937 251 1002 hibendi
274 937 367 1002 nobis
391 943 490 1018 erant
514 955 617 1020 pauca
640 935 803 1000 addamus,

208 1040 249 1105 In
264 1040 522 1106 Acharneusium
544 1038 654 1103 fabula
676 1044 803 1123 praetor
825 1038 854 1104 R
876 1039 1030 1103 lectiones
1054 1039 1169 1102 horum
1193 1058 1248 1103 co-

115 1142 228 1208 dicum
250 1145 287 1207 in
309 1162 403 1207 nsum
428 1143 561 1207 vocari:

242 1249 273 1311 A
297 1246 367 1310 Par.
383 1245 465 1310 Bibl
481 1245 558 1330 Reg.
575 1246 661 1309 2712
686 1245 770 1309 XIII
793 1264 875 1310 saec.

243 1349 270 1413 B
297 1349 367 1413 Par.
383 1349 465 1413 Bibl
481 1348 558 1432 Reg.
575 1349 662 1412 2715
687 1347 769 1412 XVI
792 1367 874 1414 saec.

243 1453 267 1518 G
293 1452 363 1516 Par.
379 1452 461 1516 Bibl.
477 1451 554 1536 Rag.
572 1453 657 1515 2717
683 1451 765 1516 XVI
789 1469 875 1516 saec.

243 1557 262 1620 Γ
292 1555 443 1620 Laurent
459 1555 538 1640 plut.
555 1557 596 1618 31
622 1554 689 1620 cod.
709 1555 748 1618 15
773 1553 855 1618 XIV
878 1573 959 1620 saec

238 1661 270 1724 Δ
294 1659 443 1724 Laureut
459 1659 537 1743 plut.
555 1660 594 1722 31
621 1658 689 1723 cod.
708 1658 749 1721 16
774 1657 839 1720 XV
861 1659 914 1722 rel
938 1658 1019 1722 XVI
1043 1677 1125 1723 saec.

208 1763 248 1827 In
276 1761 509 1828 Ecclesiazusis
540 1781 583 1825 ex
613 1761 744 1825 alterius
774 1761 914 1826 familiae
944 1761 1111 1826 codicibus
1142 1761 1247 1826 solum

113 1866 370 1930 Iaurentianum
395 1866 414 1929 Γ
435 1864 572 1949 respexi.
603 1863 686 1928 Nam
710 1883 751 1929 ex
776 1865 891 1929 ceteris
915 1865 1017 1929 tribus
1042 1864 1132 1929 libris
1156 1863 1247 1930 ΑΒΝ

116 2006 160 2016 -
182 1969 271 2034 deest
287 1971 395 2032 autem
414 1968 494 2032 haec
517 1967 626 2031 fabola
648 1967 683 2030 in
699 1968 730 2031 Δ
748 2005 790 2015 -
806 1966 989 2032 Parisinum
1004 1967 1032 2030 B
1049 1987 1091 2034 er
1108 1969 1127 2032 Γ
1142 1975 1248 2032 ortum

115 2091 188 2137 esse
216 2071 355 2136 ostendit
378 2070 511 2136 Carolus
535 2069 671 2136 Kuohne
694 2070 729 2134 in
752 2090 781 2154 p.
800 2072 886 2134 1-8
911 2069 1146 2136 dissertationis
1169 2090 1248 2136 suae

115 2192 200 2256 qnae
228 2172 430 2237 inscribitur:
462 2171 532 2237 “De
560 2172 727 2237 codicibus
756 2175 813 2257 qui
835 2173 1060 2258 Aristophanis
1088 2174 1249 2239 Ecclesia-

114 2295 210 2342 znsas
234 2279 266 2341 et
288 2275 498 2358 Lysistratam
522 2275 705 2340 exhibent’.
738 2275 840 2358 (Helle
864 2276 1029 2342 Saxonum
1056 2278 1164 2359 1886.)
1187 2276 1248 2340 Pa·

114 2381 238 2444 risinus
254 2381 285 2443 A
301 2385 410 2444 autem
425 2398 528 2462 usque
545 2379 585 2443 ad
600 2399 629 2441 r.
643 2379 707 2442 282
726 2383 850 2443 tantum
867 2382 963 2461 extat
980 2380 1120 2462 denique
1133 2379 1246 2444 Mona-

116 2485 224 2550 censis
242 2483 281 2566 N,
307 2503 501 2567 quamquam
524 2502 758 2565 nonnunquam
777 2501 819 2548 ex
835 2481 864 2547 R
878 2482 1090 2566 interpolatus
1109 2483 1247 2566 videtur,

115 2595 184 2654 arte
208 2609 285 2654 cum
309 2589 328 2652 Γ
352 2589 509 2654 cohaeret.

206 2692 246 2755 In
269 2691 465 2774 Lysistratus
492 2691 602 2756 tabula
628 2693 754 2776 praeter
776 2691 804 2755 R
832 2691 963 2754 adhibui
993 2691 1158 2755 Parisiuos
1182 2690 1245 2773 BG,

116 2794 370 2859 laurentianum
394 2796 445 2877 Δ,·
458 2793 858 2859 Leidensem-Vossianum
881 2792 909 2858 L
930 2813 1011 2859 saec.
1035 2793 1117 2858 XIV
1118 2845 1124 2858 .
1161 2793 1249 2871 Quos

115 2897 245 2962 codices
269 2899 377 2982 specie
402 2895 532 2980 quidem
552 2896 785 2962 emendatiores
805 2916 901 2979 quam
917 2898 945 2962 R
963 2897 1021 2962 sed
1040 2897 1247 2978 interpolatos

116 3021 196 3085 esse,
220 3001 280 3066 “ut
302 3002 438 3066 alterum
461 3021 565 3084 genus
588 3002 666 3084 (scil.
681 3001 721 3082 Β)
745 3003 804 3066 etsi
824 3007 1011 3084 corruptum
1029 3001 1139 3065 multis
1157 3001 1247 3083 locis,

113 3110 225 3169 umen
254 3105 414 3168 sincerius
444 3104 486 3168 sit
516 3104 721 3170 habendum”
750 3105 897 3188 Engerus
928 3105 964 3169 in
994 3105 1091 3188 prael.
1121 3103 1196 3186 Lys.
1217 3123 1246 3186 p.

115 3205 310 3272 XH—XIV
327 3208 484 3291 exposur't
508 3207 614 3272 Libris
637 3212 744 3272 autem
767 3206 874 3271 ΒΟΓΔ
898 3207 1032 3271 lacunae
1057 3223 1246 3271 communes

117 3318 194 3375 sunt
217 3329 370 3376 versuum
395 3312 558 3395 cra-131,
587 3312 773 3392 aco-aar,
802 3311 987 3392 sao-seo,
1018 3310 1248 3392 roes-1236,

1270 1091 1276 1140 l

116 3416 181 3478 nisi
209 3412 297 3498 quod
319 3413 486 3480 Leidensis
513 3415 638 3478 iamin
662 3415 796 3478 v.1034
825 3413 950 3479 desinit
987 3413 1132 3491 Quarum
1159 3412 1247 3478 lacu-

115 3537 231 3582 narum
257 3517 413 3600 originem
431 3518 467 3580 in
481 3517 644 3600 Bucngeri
660 3517 846 3600 quaestione
862 3517 902 3580 de
917 3517 1143 3600 Aristophanis
1159 3514 1245 3600 apud

117 3619 249 3685 Suidam
273 3619 418 3703 reliquiis
441 3639 470 3703 p.
488 3621 529 3682 55
554 3619 671 3685 diserte
694 3620 885 3703 explicatam
908 3619 1066 3684 invenies.

205 3722 246 3786 In
257 3721 589 3807 Ihesmophonaausis
604 3723 703 3786 unius
718 3721 747 3787 R
762 3723 937 3806 scripturas
960 3723 994 3786 in
1011 3741 1107 3786 usam
1122 3723 1245 3786 vocavi.

117 3824 199 3890 Nam
226 3825 388 3890 Velsenus
418 3825 702 3890 commentatione:
736 3811 847 3889 “Uber
876 3823 939 3889 den
968 3823 1073 3889 codex
1106 3823 1247 3887 Urbicus

119 3929 175 3994 der
189 3929 366 4012 Lysistrata
388 3929 456 3992 und
479 3929 536 3994 der
550 3928 898 4013 Thesmophoriazusen
917 3927 974 3992 des
993 3926 1247 4011 Aristophanes”

117 4031 286 4097 Juntinam
316 4031 488 4098 editionem
517 4033 695 4118 principem
726 4052 767 4098 ex
794 4034 864 4116 ipso
892 4032 921 4097 R
948 4050 1099 4096 manasse
1133 4030 1248 4114 proba-

117 4135 222 4200 biliter
252 4135 369 4202 docuit
404 4138 513 4218 Atque
543 4139 753 4220 Augustanus
783 4135 823 4218 (G
844 4135 1005 4218 Valseni),
1037 4154 1100 4217 quo
1132 4133 1244 4199 codice

121 4240 212 4302 cham
227 4238 440 4304 adservantur
454 4239 809 4322 Thesmophoriaausae,
822 4238 964 4321 “ubique
979 4239 1047 4303 iore
1065 4237 1118 4302 rel
1133 4236 1245 4301 saltem

120 4341 152 4404 in
173 4342 271 4407 rebus
301 4342 499 4426 gravissimis
523 4342 645 4407 cumR
669 4343 852 4407 consentire
880 4361 941 4407 nec
964 4342 1028 4405 nisi
1056 4341 1171 4406 calami
1197 4359 1247 4404 er-
