3084 5228
357 409 406 472 ,94
788 415 906 470 Victor
925 415 1067 484 Coulon,

360 592 461 667 δεῦρο
480 589 572 658 πόλιν
591 588 761 668 βαδισέον,
779 587 856 650 ibid.
874 588 948 668 658,
966 589 1028 650 Av.
1042 588 1118 670 442,
1138 587 1198 651 blb.
1212 589 1263 652 70.
1290 587 1339 652 (lt
1359 587 1394 651 θ.
1409 587 1476 651 Her·

356 693 473 762 rnanni
491 689 575 774 llpit
591 689 699 754 Doctr.
716 691 808 754 ldetr.
829 711 858 774 p.
872 689 937 754 XII
956 697 990 753 et
1006 689 1299 774 Rossb.·Westpb.¹
1316 691 1349 754 11
1365 711 1400 774 ρ.
1417 691 1476 754 486.

363 793 435 870 Qua
469 793 509 860 da
545 812 643 858 causa
677 794 702 856 ii
732 793 867 856 trimetri
902 792 1049 874 iambici,
1083 792 1201 875 quibus
1234 794 1326 876 gravi
1360 812 1476 857 caesura

361 897 608 980 penthemimcri
620 917 685 960 non
698 895 908 960 antecedente
917 895 1189 979 talisonapuestus
1199 895 1377 978 exhibetur,
1389 895 1478 978 qualis

360 1001 395 1070 in
411 999 473 1064 llb.
490 1001 542 1081 62,
561 999 752 1063 emendandi
772 1001 856 1080 sunt,
876 998 965 1063 velut
987 999 1015 1062 N
1020 999 1046 1062 b.
1065 1000 1139 1081 238,
1160 999 1217 1062 ubi
1235 1019 1292 1083 pro
1311 999 1418 1063 verbis
1437 998 1477 1062 lll

361 1101 469 1180 ὧνπερ
494 1101 601 1168 οὕνεκ’
621 1101 757 1179 ἐλήλυθα
781 1101 947 1165 Bentleius
971 1101 1079 1180 ὡνπεμ
1103 1101 1184 1166 ἕνεκ’
1206 1103 1339 1180 ἐλήλυθα
1366 1102 1479 1185 scripsit

361 1211 395 1270 et
423 1205 476 1268 Pc.
493 1207 573 1286 415,
600 1223 697 1286 quem
726 1223 855 1268 versum
884 1225 914 1288 p.
930 1205 997 1287 (99)
1024 1225 1044 1268 a
1071 1205 1163 1269 nobis
1191 1208 1358 1269 traotntum
1387 1205 1479 1269 babes.

359 1311 471 1391 Atque
500 1315 608 1374 nostro
635 1308 705 1373 loco
734 1308 895 1392 Reisigins
921 1309 1076 1392 probante
1103 1309 1230 1392 Engere
1258 1311 1293 1372 in
1319 1309 1479 1392 praetia

357 1433 393 1495 p.
402 1411 470 1478 XX
483 1431 524 1477 ex
537 1411 674 1476 lectione
682 1411 717 1476 M
729 1412 930 1494 aliorumque
942 1413 1091 1476 codicum
1103 1415 1143 1489 δή
1155 1411 1242 1476 ταῦτ’
1251 1411 1480 1476 rescribendum

364 1533 436 1580 esse
459 1516 499 1592 δὴ
518 1513 636 1578 ’νταῡθ
656 1515 801 1578 coniecit.
834 1513 897 1578 Sed
921 1534 995 1578 cnm
1020 1533 1086 1578 vox
1108 1515 1196 1578 ταῦτ’
1214 1516 1479 1597 grammaticcmn

362 1619 584 1684 coniecturam
606 1616 750 1682 redoleat
776 1620 809 1681 ot
831 1637 888 1701 pro
912 1618 1059 1699 ἐνταῦθα,
1088 1619 1106 1680 i.
1128 1638 1155 1682 e.
1186 1617 1280 1697 “da'’,
1307 1617 1481 1682 adverbium

362 1725 581 1804 exspectetur,
614 1719 700 1802 quod
735 1729 879 1784 nostrum
916 1719 1005 1784 “von
1035 1721 1094 1784 der
1123 1721 1193 1784 Zoit
1222 1721 1289 1784 an''
1324 1721 1481 1804 significat
1528 1801 1529 1805 Ἰ

362 1825 403 1900 δὴ
421 1823 546 1904 ’νθένδ’,
568 1822 654 1904 quod
674 1823 818 1886 Koolrius
838 1823 1155 1905 (Nb.ed.1V1894)
1176 1824 1209 1886 in
1231 1823 1336 1886 adnot
1357 1823 1397 1886 ad
1420 1824 1447 1884 b.
1461 1843 1481 1883 r.

358 1925 537 2009 proposuit,
560 1925 757 2008 probabilius
778 1925 905 1989 videtur
928 1945 1025 2008 quam
1043 1926 1177 2008 Reisigii
1195 1925 1275 1988 illud
1300 1929 1338 2002 δὴ
1362 1925 1482 1988 ’νταθθὶ

239 2123 241 2128 ι
362 2031 412 2094 Gt.
436 2031 523 2094 locos
546 2050 565 2092 a
587 2029 710 2092 Koclrio
734 2029 854 2111 allaton,
878 2029 934 2093 ubi
958 2030 1086 2095 ἐνθένδε
1110 2031 1158 2094 sio
1180 2037 1370 2113 usurpatum
1392 2033 1448 2093 est

452 2134 492 2196 In
522 2153 550 2196 ν.
573 2135 633 2196 167
669 2135 809 2212 ὁπότερα
843 2137 900 2212 τὴν
930 2136 1059 2213 γνώμην
1082 2135 1158 2217 ἐχοι,
1180 2138 1236 2200 τὰ(
1260 2135 1387 2212 ἐμπίδα(

364 2237 452 2319 ᾄδειν
469 2237 555 2300 unde
567 2236 685 2300 Suidao
696 2237 796 2300 verba
807 2238 874 2316 ἐχοι
886 2240 956 2315 περί
969 2237 1098 2316 ἐμπίδα(
1109 2243 1183 2300 nata
1196 2239 1269 2319 sint,
1285 2238 1481 2321 conspicuum

361 2345 421 2403 est
446 2336 495 2403 SE
517 2340 612 2420 enirn,
634 2340 690 2421 qui
706 2345 794 2404 recte
814 2340 876 2419 ἔχει
892 2341 966 2422 (levi
987 2340 1102 2404 mendo
1118 2361 1176 2424 pro
1196 2341 1272 2422 ἔχοι)
1290 2343 1347 2406 τὰ(
1365 2343 1483 2419 ἐμπίδα(

363 2443 502 2525 praebet,
522 2443 629 2506 verbis
648 2443 790 2521 ὁπότερα
812 2445 870 2519 τὴν
889 2445 1018 2520 γνώμην
1038 2443 1098 2522 ἔχει
1122 2443 1326 2508 interlineas
1348 2445 1421 2520 περὶ
1440 2447 1484 2518 τῆ(

359 2545 493 2622 Ιἐμπίδα(
526 2544 648 2608 addidit
678 2544 861 2628 explicandi
895 2545 1009 2628 gratia
1039 2565 1124 2628 quae
1154 2553 1239 2610 essct
1267 2565 1333 2628 rec,
1364 2546 1404 2609 de
1433 2563 1484 2627 qun

363 2647 444 2730 quid
466 2648 602 2712 sentiret
625 2647 772 2712 Socrates
795 2648 923 2712 diceret
956 2647 1058 2724 Quam
1083 2649 1221 2731 glossam
1244 2649 1359 2713 Suidas
1382 2667 1424 2712 ex
1446 2668 1483 2712 co.

364 2770 428 2832 quo
448 2769 527 2814 usus
547 2758 603 2832 est,
622 2751 733 2815 codice
753 2753 786 2814 in
806 2751 940 2815 schedas
961 2770 1035 2814 snas
1054 2753 1263 2836 transcripsit.
1291 2751 1423 2815 Librum
1443 2747 1484 2814 SE

361 2857 481 2934 autem,
501 2855 622 2937 quippe
643 2856 699 2936 qui
722 2855 810 2918 solns
829 2873 870 2917 ex
892 2854 1010 2918 Suidae
1028 2856 1256 2938 manuscriptis
1280 2875 1354 2918 cum
1377 2855 1483 2918 nostris

354 2956 528 3022 ¹codicibus
548 2958 985 3041 consentiatinterpolaturu
1007 2977 1086 3039 esse,
1112 2965 1147 3022 ut
1169 2961 1233 3022 iarn
1251 2959 1440 3040 Bernhardy
1457 2957 1484 3018 in

363 3060 460 3142 praef.
482 3060 599 3124 Suidae
623 3061 719 3125 lexici
739 3081 766 3143 ρ.
784 3059 850 3123 XX
875 3062 1012 3141 monuit,
1036 3067 1101 3123 tam
1126 3079 1166 3124 ex
1192 3061 1342 3126 hocloco
1366 3066 1484 3144 apparet

364 3183 460 3244 quam
487 3182 529 3226 ex
553 3164 713 3227 similibus
738 3164 808 3227 aliis
833 3163 920 3226 locis.
954 3163 1001 3226 (lt.
1023 3183 1049 3227 e.
1070 3183 1098 3246 g.
1120 3163 1174 3227 Po.
1194 3165 1256 3227 182
1284 3164 1312 3227 ὠ
1335 3167 1421 3242 μιαρὲ
1443 3165 1485 3225 καὶ

361 3268 497 3344 τολμηρὲ
524 3261 574 3328 δί’·
605 3284 628 3328 c.
649 3285 677 3328 v.
704 3267 806 3343 μιαροί
835 3270 920 3329 recte
949 3287 1024 3330 cum
1048 3266 1116 3348 RV,
1146 3267 1173 3330 ὧ
1198 3271 1287 3346 μιαρὲ
1315 3263 1434 3346 SA‘WB,
1462 3263 1484 3326 ὦ

364 3369 497 3445 βδελυρὲ
513 3371 562 3431 καὶ
574 3371 709 3446 τολμηρὲ
721 3363 820 3449 8¹⁰⁶,
834 3367 879 3431 Pl.
891 3369 954 3432 156
970 3370 1067 3433 αὐτά(
1079 3390 1122 3434 τι(
1139 3366 1187 3433 ΞΕ
1210 3389 1233 3433 s.
1245 3390 1274 3432 v.
1286 3376 1403 3448 πειρῶν
1418 3387 1485 3432 cnm

362 3467 432 3550 RV,
450 3489 494 3534 τι(
510 3471 607 3534 αὐτὰ(
623 3473 729 3552 ceteri,
749 3472 904 3534 442-43
925 3471 961 3548 ἦ(
978 3471 1075 3535 οὐδὲν
1091 3473 1213 3550 πέφυκε
1229 3477 1316 3554 ζῷον
1333 3471 1485 3538 trultria-

364 3591 424 3649 pov
448 3569 497 3636 SE
521 3593 544 3636 s.
558 3593 585 3636 v.
606 3575 816 3650 ἐξωλὲ(τεμον
835 3594 910 3637 cum
931 3573 966 3656 V,
985 3573 1021 3651 ἡ(
1040 3573 1134 3637 οὐδὲν
1152 3576 1264 3652 θηρίον
1283 3575 1485 3648 ἐξωλὲσερον

360 3677 472 3756 ceteri,
491 3678 555 3739 815
577 3677 595 3739 δ
616 3677 645 3738 δ’
662 3678 752 3741 ίπνὸ(
768 3679 838 3754 ἡμίν
857 3677 1000 3755 ἐξαπίνη(
1016 3677 1148 3750 γέγονεν
1167 3671 1214 3738 ΞΕ
1237 3693 1262 3738 s
1275 3695 1304 3737 v.
1321 3676 1402 3739 invto
1415 3691 1483 3736 cum

363 3777 509 3841 Ambros
526 3779 577 3860 M,
598 3782 653 3862 qui
671 3780 776 3855 γέγον’
796 3780 934 3862 praebet,
954 3777 973 3840 ὁ
993 3779 1022 3842 δ’
1038 3779 1129 3842 ἴπνο(
1151 3779 1256 3853 γέγον’
1276 3779 1309 3859 (S
1318 3775 1346 3860 V,
1363 3780 1485 3853 γέγονεν

362 3877 445 3962 SAR)
464 3881 610 3961 ἐξαπίνη(
629 3885 735 3964 ceteri,
755 3883 814 3946 Nb.
834 3885 919 3945 1216
940 3881 1099 3961 χρή(αν(ά
1118 3903 1154 3958 με
1174 3901 1191 3945 e
1210 3881 1308 3946 schol.
1330 3883 1485 3944 invectrmr

363 3978 412 4046 gn
428 4003 451 4047 s.
462 4004 491 4046 v.
509 3986 732 4064 ἀπεμυθμιαῑ(αι
748 3987 854 4050 omisit
867 4006 942 4049 oum
954 3985 1022 4066 RV,
1035 3985 1134 4048 ceteri
1148 3984 1274 4066 babent,
1290 3985 1374 4048 1276
1385 3985 1485 4046 (ε(εῑ(-

362 4091 414 4149 θαι
434 4084 483 4150 SE
503 4107 526 4151 s,
540 4108 568 4150 v.
587 4089 642 4151 τὸν
660 4091 839 4168 ἐγκέφαλον
858 4093 947 4154 recte
964 4109 1036 4153 curn
1053 4089 1121 4170 RV,
1141 4093 1367 4153 κατα(ε(εῐ(θαι
1384 4085 1485 4149 ceteri.

452 4190 491 4252 ln
515 4211 543 4256 v.
561 4193 624 4253 215
648 4194 848 4256 τοῦτοπάνυ
869 4188 1051 4270 φροντίζετε
1075 4211 1132 4274 pro
1152 4192 1290 4255 lectione
1310 4189 1434 4255 Βπάνυ
1454 4189 1485 4247 in

365 4291 393 4352 V
412 4293 577 4356 invenitur
592 4295 695 4374 πάλιν,
715 4296 748 4356 in
766 4295 786 4358 S
804 4295 888 4372 μέγα.
913 4295 1097 4358 Meinelrius
1115 4294 1235 4376 aliique
1254 4296 1338 4358 πάνυ
1353 4289 1484 4372 amplexi
1532 4349 1533 4362 ,
