3084 5228
344 446 409 508 156
768 454 885 508 Victor
904 453 1048 520 Coelan,

433 625 472 688 ln
490 624 704 707 Vesperum
723 645 751 687 ν.
769 627 832 688 997
854 646 873 689 a
892 625 1054 689 Meinelrio
1075 626 1270 710 scripturam
1288 626 1318 691 R
1335 627 1455 705 πέφευγε

344 727 501 792 adversus
519 727 666 808 ἀπέφυγε
684 727 712 788 V
727 729 826 792 schol.
846 731 1009 812 receptam
1028 748 1099 792 esse
1118 731 1225 793 miror.
1255 729 1368 812 Neque
1385 731 1455 794 cuim

345 832 483 914 simplex
506 831 636 911 φεύγειν
660 829 826 894 '‘absolvi'’
850 833 1021 914 significat
1049 833 1147 897 immo
1171 833 1284 897 “reum
1309 834 1396 897 essc”
1416 833 1456 895 rel

344 934 497 1000 “oausam
526 933 665 998 dicere’'.
701 933 747 998 (ll.
764 935 824 1018 Vp.
847 936 933 999 1000
961 941 1030 1000 πῶς
1060 937 1121 1001 οὖν
1149 937 1273 1020 ἐμαυτῷ
1301 935 1385 1000 τοῦτ’
1406 937 1455 1009 ἐγὼ

344 1039 526 1117 ςυνείςομαι,
549 1037 553 1120 Ι
573 1038 723 1117 φεύγοντ’
736 1038 893 1102 ἀπολύςας
909 1036 1028 1117 ἄνδρα;
1050 1037 1177 1123 Optimo
1196 1040 1298 1123 igitur
1312 1040 1381 1102 iure
1395 1037 1458 1101 Diu·

345 1141 478 1222 dortiua
506 1139 675 1223 BergkiuS,
703 1140 906 1222 Blaydesius,
935 1142 989 1205 alii
1017 1141 1169 1224 ἀπέφύγε,
1197 1143 1217 1205 i.
1237 1162 1263 1206 e.
1289 1141 1460 1206 “absolutus

346 1245 425 1326 est”‚
445 1246 653 1327 scripserunt
682 1243 765 1308 Nam
785 1246 979 1325 ἀποφεύγειν
998 1247 1031 1309 et
1049 1245 1213 1324 ἐκφεύγειν
1232 1245 1385 1308 terminos
1403 1263 1461 1307 esse

346 1347 513 1411 technicos
539 1367 598 1431 pro
626 1350 736 1410 nostro
760 1347 1043 1431 “ireigesprochen
1067 1347 1219 1412 werdcn''
1242 1367 1340 1412 nemo
1366 1347 1463 1410 nescit.

347 1449 393 1514 Cf.
407 1450 468 1534 Vp.
486 1452 551 1513 519
568 1451 627 1527 κῆν
643 1449 780 1527 Οἴαγρος
796 1451 914 1534 είςέλθῃ
934 1452 1072 1532 φεύγων,
1089 1453 1148 1515 οὐκ
1167 1451 1343 1531 ἀποφεύγει
1362 1455 1393 1514 et
1410 1451 1462 1512 994

347 1552 551 1635 ἐκπέφευγας,
577 1553 603 1616 ὡ
627 1553 738 1632 Λάβης.

436 1655 474 1717 V.
494 1657 579 1718 1065
602 1655 637 1718 in
660 1656 689 1719 R
712 1655 760 1719 sic
782 1655 919 1719 traditus
944 1659 1008 1720 est:
1033 1657 1098 1721 a‘ib’
1114 1658 1286 1721 travectio
1308 1659 1418 1738 τρίχες,
1438 1657 1463 1717 in

346 1758 376 1818 V
398 1759 461 1824 οἵδ’
478 1758 648 1822 ἐπανθοῡςι
666 1762 783 1838 τρίχας.
809 1759 913 1822 Schol.
933 1758 1065 1842 praebet
1088 1760 1153 1824 αἵδ’
1172 1761 1219 1843 (in
1237 1760 1395 1842 lemmate,
1413 1759 1462 1822 οἶδ’

347 1864 382 1926 iu
414 1863 641 1946 explicatione)
672 1862 843 1927 ἐπανθοῡτι
872 1865 989 1941 τρίχας.
1014 1862 1103 1939 Quae
1127 1869 1193 1928 tres
1221 1864 1375 1928 lectiones
1402 1882 1463 1944 quo

348 1965 442 2029 modo
466 1971 553 2029 ortae
573 1966 646 2046 sint,
670 1970 764 2048 patet.
798 1967 875 2030 Αίὸε
891 2003 933 2011 -
950 1969 1050 2044 τρίχες
1068 1967 1102 2028 in
1122 1969 1193 2031 αἵδε
1210 2005 1252 2012 -
1268 1965 1462 2046 τρίχαςπίιίίί,

349 2067 436 2151 quod
458 2069 492 2130 in
517 2070 587 2132 οίδε
604 2070 770 2146 -τρίχας
795 2073 952 2132 mutatum
978 2075 1034 2132 est
1067 2067 1234 2153 Scriptura
1251 2071 1280 2134 R
1300 2071 1408 2152 utique
1425 2087 1463 2130 se

349 2172 480 2254 quenda
499 2176 555 2234 est.
588 2171 649 2234 cui
669 2173 702 2234 in
722 2172 821 2235 schol.
838 2173 866 2236 R
884 2173 973 2236 iavet
990 2172 1167 2236 adnotatio:
1193 2175 1387 2238 δεικνύουςιν
1403 2172 1463 2234 τοὺς

349 2277 541 2355 κροτάφους.
574 2274 755 2359 Explicatio
785 2282 893 2339 autem
921 2275 1020 2339 schol.
1040 2275 1086 2338 V:
1112 2277 1142 2340 οἱ
1169 2279 1205 2340 δὲ
1233 2280 1399 2355 διαιροίιςιν
1420 2272 1462 2337 ἀπ’
1518 2345 1519 2350 1

349 2377 445 2458 ἄλλης
467 2379 566 2456 ἀρχῆς
583 2381 689 2456 τοῦτο,
714 2378 778 2442 οἵδ’
796 2379 966 2442 ἐπανθούςι
985 2379 1100 2460 τρίχας,
1124 2379 1167 2444 ἵν’
1183 2383 1202 2464 ᾗ
1221 2382 1292 2457 περὶ
1315 2383 1379 2442 τῶν
1400 2397 1463 2440 νειο-

349 2483 450 2559 τὲρων
480 2479 639 2554 ὁλόγος·
665 2483 714 2544 καί
742 2481 802 2558 γὰρ
831 2482 871 2544 τὰ
900 2482 972 2560 ἑξῆς
998 2484 1068 2559 περὶ
1092 2481 1199 2546 αὐτῶν
1222 2503 1296 2566 φῃςι
1320 2481 1394 2564 quid
1414 2477 1463 2542 sihi

349 2585 435 2666 velit
467 2585 523 2646 vix
554 2603 717 2666 assequor.
757 2584 950 2663 Scholiasta,
982 2585 1015 2646 ni
1046 2584 1153 2665 fallor,
1185 2604 1315 2648 versum
1348 2585 1423 2647 1005
1449 2601 1463 2642 a

351 2688 449 2752 choro
474 2706 588 2751 senum
612 2686 652 2749 de
670 2688 854 2768 iuvenibus,
879 2687 919 2750 de
943 2706 1079 2768 quorum
1105 2687 1266 2751 cincinnis
1289 2689 1323 2751 in
1347 2708 1374 2749 τ.
1391 2685 1461 2748 1009

351 2811 455 2855 sermo
472 2795 528 2870 est
545 2789 665 2852 dictum
684 2809 754 2854 esse
771 2790 943 2853 arbitratus
961 2791 1068 2853 locum
1084 2792 1132 2854 sic
1148 2791 1351 2873 interpretari
1364 2789 1461 2851 roluit:

350 2895 384 2957 hi
408 2913 484 2957 vero
508 2892 586 2975 (scil.
606 2892 752 2971 iuvenes)
776 2893 964 2976 capillorum
987 2894 1068 2957 flore
1092 2893 1266 2957 abundant

439 2996 478 3058 In
503 2995 812 3059 Acharneusium
836 3017 863 3058 ι·.
884 2998 949 3060 366
974 2997 1044 3061 ίδοὺ
1070 3001 1182 3061 θεᾶςθε
1205 2995 1355 3078 (ΑΒΟΓΔ
1372 2993 1463 3058 schol..

352 3102 457 3164 θέαςαι
473 3099 512 3179 R)
530 3100 567 3162 rb
588 3103 644 3175 μὲν
664 3098 812 3175 ἐπίξηνον
827 3102 896 3163 τοδὶ
914 3098 1113 3182 Βίιτιίοτίίιιο,
1136 3099 1325 3181 Meinekius,
1344 3099 1394 3162 alii
1411 3097 1463 3158 lec-

350 3205 471 3267 tionem
490 3203 518 3265 R
537 3204 642 3266 θὲαςαι
662 3203 753 3264 tutati
774 3207 857 3264 sunt.
883 3203 954 3278 Qua
972 3207 1101 3286 recepta
1120 3203 1246 3266 numeri
1265 3203 1393 3265 minime
1410 3199 1463 3259 rio·

350 3307 474 3382 lantur3
499 3325 573 3369 nam
593 3305 709 3386 “louge
729 3307 870 3368 maxima
888 3325 962 3389 pars
983 3305 1183 3386 dactylorum
1203 3305 1378 3368 divisorum
1399 3299 1462 3382 (scil
1515 3371 1516 3374 χ

351 3410 439 3474 tertii
458 3407 562 3490 pedis)
585 3407 630 3470 ita
648 3408 784 3471 formata
804 3411 859 3490 est
884 3411 921 3471 ut
938 3409 1035 3491 longa
1054 3408 1178 3489 syllaba
1197 3409 1394 3493 exprimatur
1409 3405 1463 3467 lou·

353 3513 453 3594 gioris
484 3510 633 3575 vocabuli
664 3511 775 3574 ultima
806 3511 937 3593 syllaba,
968 3513 1057 3594 prior
1086 3511 1193 3576 brevis
1223 3511 1347 3593 syllaba
1374 3527 1462 3573 mono

353 3615 499 3697 syllabon
517 3615 687 3678 continens
704 3615 836 3679 alteram
852 3615 983 3679 inchoet
999 3634 1111 3678 versus
1127 3616 1282 3698 partem”.
1306 3615 1462 3696 (Pongrata

356 3720 458 3782 1902:
483 3717 531 3781 De
555 3717 680 3780 arsibus
700 3719 813 3782 solutis
832 3719 866 3780 in
886 3718 1085 3802 dialogorum
1104 3720 1240 3782 senariis
1260 3713 1463 3800 Aristophanis
1514 3753 1515 3791 γ

354 3841 382 3905 p.
401 3822 462 3902 27).
495 3820 584 3896 Quae
608 3841 803 3902 quamquam
825 3822 871 3884 ita
894 3840 929 3884 se
953 3820 1079 3901 habent,
1104 3825 1211 3885 tamen
1235 3821 1366 3884 alteram
1384 3817 1463 3897 scrip

353 3927 459 3987 turam
475 3929 587 3988 θεᾶςθε
603 3943 730 3987 servare
746 3927 887 4007 praestat
903 3945 976 3987 curn
991 3923 1174 4006 Blaydesio‚
1191 3924 1247 4006 qui
1264 3924 1345 3987 haec
1359 3920 1461 3986 monet:

354 4027 540 4092 “Numerus
556 4028 688 4111 pluralis
705 4029 809 4111 aptior
824 4028 878 4091 hio
895 4027 1024 4091 videtur
1037 4048 1133 4110 quam
1150 4028 1359 4110 singularis'';
1375 4026 1462 4110 plura
1513 4055 1514 4092 ι

356 4131 440 4195 enim
465 4149 619 4213 personas
643 4131 846 4214 Dicaeopolis
870 4131 1051 4214 alloquitur.
1088 4131 1136 4195 cl.
1159 4131 1297 4195 similem
1320 4127 1462 4195 loomin

355 4233 449 4316 Soph.
473 4233 582 4297 Trach.
603 4235 687 4296 1019
712 4235 782 4298 ἰδοὺ
807 4239 920 4298 θεαῖςθε
943 4236 1064 4300 πάντες.
1094 4234 1208 4316 Neque
1232 4235 1371 4298 conferri
1389 4227 1462 4293 dabat

356 4335 396 4400 ad
428 4336 509 4400 illud
543 4338 648 4401 θέαςαι
682 4337 955 4421 comprobandum
986 4338 1043 4420 Rq.
1073 4340 1135 4401 991
1171 4339 1241 4402 ἰδοὺ
1273 4340 1376 4402 θέιιςαι
1402 4331 1462 4405 κούχ
