3058 5222
271 491 458 560 Quaestiones
478 489 594 544 criticae
613 488 642 544 in
660 488 858 557 Aristophanis
876 488 995 543 fabulas.

85 690 142 728 ass.
306 662 378 727 Sch.

86 1693 155 1757 316
179 1692 250 1757 ἀλλ’
277 1691 395 1757 lemma
421 1691 519 1756 schol.
541 1709 606 1754 ree.

180 1814 254 1859 oum
278 1795 342 1859 MA

85 1900 153 1962 401
180 1903 307 1977 ποιῆεαι
330 1899 377 1962 νώ
402 1916 476 1961 eum
500 1895 598 1960 MAU

85 2003 153 2066 427
180 2002 402 2066 λεκυθόπιιιλιν
440 1999 537 2064 schol.
575 1999 601 2063 Θ

181 2123 255 2168 eum
280 2101 343 2167 MA
367 2103 493 2185 aliis††

86 2207 156 2269 428
180 2205 346 2283 ἐνέκραγεε
392 2224 466 2269 oum
509 2204 608 2269 MAU

180 2306 260 2388 aliis,
284 2328 308 2371 r.
333 2306 379 2371 cf.
396 2308 443 2372 Bl.
456 2310 494 2372 Α.
508 2307 540 2372 C.
554 2307 607 2371 Gr.

179 2430 209 2494 p.
227 2411 291 2473 232
316 2410 356 2473 ad
380 2411 426 2475 Pl.
443 2412 517 2474 428.

86 2515 155 2578 488
180 2513 402 2587 ἀντιλέγοντα(
427 2513 542 2598 legisse
563 2513 608 2575 vi-

181 2615 284 2698 detur,
327 2636 401 2680 eum
439 2614 606 2698 praebeat:

181 2721 240 2797 χρὴ
279 2719 379 2794 λέγειν
411 2719 491 2796 ὑμᾶς
526 2718 608 2781 ἀντι·

181 2823 341 2896 λέγοντας.

89 3133 155 3193 493
182 3129 341 3208 βούλευμα
371 3133 404 3194 et
430 3129 481 3194 alt.
510 3129 608 3195 schol.

182 3233 263 3296 telso
288 3234 433 3311 βούλημα

91 3336 269 3399 505-506
287 3335 355 3400 οὐκ’
367 3335 427 3399 οὖν
442 3331 518 3400 εἶναι
530 3337 609 3416 φημὶ

182 3439 262 3502 ὁδὸν
283 3439 392 3517 ἥντινα
412 3440 469 3502 ἰὼν
493 3437 610 3502 lemma

181 3539 324 3606 sehoLR.
340 3539 391 3603 Ex
404 3540 608 3604 adnotatione

182 3643 290 3726 sehet,
312 3643 396 3725 quod
417 3642 541 3707 “unum
560 3643 609 3705 in·

183 3748 458 3811 tricatissimorum
475 3746 510 3809 in
528 3745 610 3809 hene

181 3848 345 3912 fabulam”
365 3867 435 3913 esse
454 3849 525 3914 iure
542 3868 609 3912 mo-

183 3953 253 4014 nuit
282 3951 483 4033 Duebner'uS‚
514 3971 609 4034 appa·

183 4060 240 4136 ret,
266 4058 462 4138 quantopere
486 4056 609 4138 antiqui

183 4158 381 4240 grammatici
405 4159 438 4221 in
458 4159 519 4222 hoe
537 4178 609 4223 ver-

183 4278 220 4323 su
237 4259 374 4343 legende
386 4260 608 4327 laboraverint

184 4362 230 4427 Cf.
246 4362 410 4428 Duebner.
434 4386 463 4448 p.
484 4366 548 4428 566
578 4371 610 4429 et

1137 487 1198 548 175

902 660 961 724 RV

659 763 782 847 primus
804 761 1043 832 Heimreiohius
1065 771 1098 832 in
1124 769 1200 835 Mis-

660 865 812 930 cellaneis
829 865 964 952 Oritieis,
980 890 1010 953 p.
1021 873 1061 936 19
1078 872 1199 958 (Progr.

660 968 689 1031 d.
703 967 941 1034 Gelehrtensoh.
958 992 997 1036 zu
1014 972 1200 1060 Flensburg,

662 1072 761 1152 1865)
774 1072 862 1135 vidit.
886 1072 932 1137 of.
947 1077 1042 1139 etiam
1054 1075 1199 1142 Rutherf.

660 1173 700 1238 ad
737 1174 767 1241 h.
792 1195 819 1238 v.
851 1181 884 1240 et
917 1197 980 1240 van
1004 1177 1126 1259 Ijaeren
1166 1180 1200 1242 in

661 1277 1201 1364 Mnem.Nov.Ser.XXVHI‚i900,

661 1401 689 1462 p.
703 1382 775 1445 180.
799 1380 874 1445 Iure
889 1383 1155 1465 igiturVelsenus
1172 1405 1200 1447 ν.

663 1483 726 1546 148
735 1483 783 1546 sic
790 1485 930 1567 scripsit:
943 1490 1064 1550 δοῦλα(
1072 1489 1202 1566 γεγένη-

676 1605 728 1662 μαι
752 1585 913 1665 ιιρότερον
936 1589 984 1651 ὢν
1007 1589 1184 1668 ἐλεύθερος.

861 1710 922 1754 om.
946 1690 1003 1773 R†

662 1789 712 1868 ἄγ’
725 1791 755 1850 V
767 1791 807 1874 gl.
825 1793 872 1856 Of.
892 1793 931 1856 ad
952 1813 979 1856 v,
996 1795 1061 1857 824
1081 1815 1109 1877 p.
1128 1796 1201 1859 161.

693 1899 809 1972 ποῆται
832 1897 955 1978 (noritur
976 1895 1013 1975 V)
1037 1898 1170 1982 viiiiv††

663 1997 1201 2081 λεκιθόπωλινίίιλοιιιΙαιιιιιιαεολιολ

662 2100 690 2165 R
713 2119 776 2164 seo.
795 2099 953 2182 Rutherf.)

663 2203 834 2282 ἀνέκραγε(
846 2204 875 2268 Β
887 2209 919 2267 et
932 2202 982 2268 alt
996 2204 1093 2268 schol.

663 2306 874 2384 ἀνακέκραγεε
894 2306 923 2367 V
1154 2260 1202 2343 ††

663 2513 879 2586 ἀντιλέγοντες
910 2532 934 2575 r.
968 2513 1083 2576 Pertio.
1116 2513 1201 2577 enim

663 2635 738 2679 oum
754 2614 853 2679 verbo
868 2619 1005 2694 νικήοετε
1020 2635 1116 2698 quam
1128 2635 1202 2680 oum

664 2722 744 2797 χρῆν
762 2719 958 2802 coniungere
970 2723 1118 2803 praestat.
1143 2719 1203 2782 “in

663 2822 769 2904 priore
797 2822 955 2905 scriptura
983 2823 1061 2903 (soil.
1087 2822 1204 2887 ἀντιλέ-

663 2928 786 3007 γοντες)
820 2925 946 2990 facilior
974 2932 1024 2990 est
1051 2925 1203 2988 orationis

664 3029 810 3092 eursus”
839 3028 1112 3092 Hemsterhusius

836 3130 1035 3214 βούλημαῇ

665 3335 785 3401 οὔκουν
819 3332 896 3401 εἷναί
929 3335 1006 3414 φημ’
1033 3335 1058 3399 εἰ
1090 3334 1204 3398 παύεαι

662 3440 778 3518 ταύτην
808 3439 928 3518 βλέψας
958 3439 1032 3503 πόθ’
1052 3438 1071 3501 ὁ
1094 3437 1204 3501 Πλοῦ-

663 3563 720 3606 το(
740 3543 744 3627 t
767 3542 847 3606 ὁδὸν
875 3542 972 3621 ἥντιν’
993 3543 1050 3606 ἰὼν
1079 3544 1143 3604 κτλ.
1167 3538 1203 3603 R.

664 3645 788 3709 Versus
808 3646 871 3709 505
891 3645 925 3707 in
942 3643 969 3704 V
985 3645 1033 3707 sio
1052 3643 1204 3726 depreva-

664 3753 717 3812 tus
741 3755 805 3812 est:
831 3747 952 3812 οὐκοῦν
976 3742 1052 3811 εἶναι
1075 3749 1155 3825 φημὶ
1179 3747 1205 3809 εἰ

665 3851 773 3916 παὺτει
791 3849 878 3915 τοῦτ’
895 3851 932 3927 ἢν
953 3849 1067 3926 βλὲψηι
1090 3847 1165 3911 πόθ’
1184 3848 1203 3911 ὁ

663 3955 821 4018 Πλοῦτος.
842 3952 921 4015 Cum
935 3950 1107 4032 Blaydesio
1120 3950 1204 4014 aliis-

665 4075 728 4138 que
763 4055 939 4120 editoribus
972 4054 1143 4119 leotionem
1175 4055 1204 4119 R

664 4158 846 4242 amplecter,
877 4159 996 4241 quippe
1026 4177 1109 4240 quae
1137 4158 1204 4222 ido-

664 4279 761 4324 neum
785 4279 917 4325 sensum
939 4261 1098 4346 praebeat.
