3058 5222
357 488 421 549 ‘244
464 494 578 549 Victor
599 493 740 562 (19111911,Ι
760 493 948 561 Quaestiones
967 495 1082 548 criticae
1102 494 1131 548 111
1150 495 1347 563 Aristophanis
1366 495 1466 549 tabulas.

447 665 571 742 Quibus
594 665 691 729 rebus
716 667 872 750 expositis
895 669 1000 748 imago
1025 667 1194 730 universae
1219 667 1412 730 recensionis
1432 667 1468 729 la-

356 768 504 832 bularum
520 771 828 852 Aristophanearum
848 772 896 833 sic
917 771 984 834 fere
1004 769 1223 834 adumbrauda
1239 770 1332 833 nobis
1347 771 1469 834 videar.

445 873 712 955 antiquissimam
728 877 837 938 textus
848 875 1075 957 Aristophanei
1093 874 1237 956 forma-m,
1255 894 1338 956 quae
1355 875 1468 956 quidem

354 979 429 1038 nota
447 975 540 1038 nobis
560 976 610 1052 sit,
634 976 756 1039 scholia
780 977 814 1038 111
839 975 1014 1056 codicibus,
1039 977 1093 1058 qui
1118 975 1158 1040 ad
1182 997 1240 1040 uos
1259 986 1469 1060 pervenerunt
1517 1005 1518 1024 1

353 1085 505 1161 congesta
521 1085 770 1161 repraesentant.
797 1079 1057 1143 Fundamentum
1070 1087 1176 1142 autom
1190 1080 1386 1143 scholiorum
1398 1101 1470 1142 com-
1517 1069 1518 1158 J

353 1183 545 1246 monterium
575 1201 645 1246 osse
676 1182 762 1245 circa
792 1202 910 1245 annum
945 1183 1008 1244 100
1038 1202 1067 1264 p.
1090 1181 1162 1245 Chr.
1186 1203 1215 1245 u.
1242 1204 1261 1245 a
1291 1184 1470 1265 Symmacho
1517 1163 1518 1258 J

352 1286 562 1367 compositum
593 1286 677 1348 inter
709 1305 821 1348 omnes
853 1288 985 1348 constat.
1022 1285 1085 1362 Qui
1118 1286 1314 1350 scholiorum
1346 1287 1471 1350 nucleus

351 1388 565 1471 amplificatus
601 1394 649 1452 est
682 1389 961 1470 grammaticorum
1000 1389 1329 1472 interpretationibus.
1371 1391 1472 1472 ltaque

350 1491 424 1556 fiori
441 1511 504 1554 uon
521 1493 632 1573 potuit,
652 1494 730 1572 quin
748 1492 846 1554 variis
864 1493 1060 1555 coniecturis
1077 1495 1109 1555 ot
1126 1492 1358 1556 mutationibus
1375 1497 1472 1556 1911119

351 1592 579 1676 depravaretur
601 1597 653 1670 ita,
679 1597 715 1658 ut
737 1595 883 1658 recensio
908 1594 1144 1677 Aristophaneo
1164 1594 1323 1658 diversam
1350 1616 1423 1679 prae
1444 1616 1472 1658 sc

349 1697 449 1761 ferret
471 1699 652 1780 imaginem.
692 1700 799 1780 Atque
823 1716 1015 1779 quamquam
1047 1697 1175 1761 codices
1203 1703 1235 1761 et
1258 1698 1416 1781 reliquiae
1438 1719 1472 1761 ex

348 1800 467 1863 fabulis
487 1801 731 1883 Aristophaueis
751 1800 869 1864 Suidae
894 1801 999 1864 lexico
1019 1799 1204 1864 adservatae
1228 1804 1361 1885 propter
1384 1803 1473 1864 multa

349 1905 427 1967 vitia
457 1905 543 1967 inter
572 1923 606 1967 se
637 1904 819 1966 communia
850 1904 901 1983 (91.
926 1903 1088 1986 Buongor,
1121 1903 1169 1967 De
1198 1906 1253 1966 Ar.
1274 1903 1331 1986 Eq.
1355 1905 1472 1968 119111.

348 2007 433 2089 apud
462 2006 549 2070 Suid.
566 2007 632 2069 rell.
657 2027 686 2089 p.
709 2009 749 2068 15
780 2013 812 2070 91
840 2005 993 2082 Kuehne,
1020 2005 1069 2070 De
1098 2006 1188 2070 codd.
1210 2008 1266 2089 qui
1295 2010 1352 2070 Ar.
1375 2009 1428 2072 Ec.
1447 2021 1473 2070 et.

347 2109 399 2172 Ls.
417 2110 580 2190 exhibent,
606 2130 634 2193 p.
653 2111 706 2191 21)
734 2109 773 2173 ad
798 2129 899 2172 unum
924 2109 1129 2192 eundemque
1153 2110 1367 2193 archetypum
1392 2131 1471 2175 rem-

348 2213 449 2276 cauda
473 2219 557 2294 suut,
586 2217 692 2276 tarueu
721 2213 765 2275 ita
792 2214 877 2276 inter
903 2233 938 2276 se
962 2212 1154 2295 discrepant,
1182 2220 1219 2276 ut
1246 2215 1307 2276 tria
1331 2214 1471 2277 codicum

346 2334 464 2398 genera
496 2317 708 2380 discernenda
744 2317 823 2378 siut:
860 2317 999 2398 primum
1033 2317 1076 2393 ll,
1112 2317 1249 2380 alterum
1271 2317 1311 2398 V,
1349 2319 1471 2381 tertium

347 2420 480 2483 s—MA
510 2421 562 2500 (cf.
579 2441 662 2502 quae
692 2421 726 2482 111
755 2420 823 2483 fluo
855 2425 873 2498 ἓ
900 2421 938 2482 ll
971 2419 1043 2482 libri
1077 2421 1191 2502 prioris
1222 2418 1388 2501 diximus).
1430 2421 1470 2483 Ex

347 2523 396 2584 his
420 2529 525 2587 autem
554 2523 657 2586 tribus
685 2523 858 2606 generibus
886 2521 965 2585 illud
991 2523 1123 2586 s-MA
1147 2541 1188 2586 ex
1220 2527 1312 2586 textu
1341 2523 1470 2605 quodam

344 2627 489 2707 fluxisse,
519 2628 574 2709 qui
600 2627 811 2710 archetypum
840 2626 939 2689 multo
964 2626 1083 2690 clarius
1111 2631 1208 2707 atque
1238 2626 1403 2690 sincerius
1429 2646 1470 2688 re

344 2731 559 2811 praesentarit
578 2749 674 2812 quam
691 2730 712 2790 ii
731 2729 867 2802 codices,
884 2727 970 2792 unde
988 2730 1015 2792 R
1032 2734 1064 2792 et
1079 2729 1109 2788 V
1126 2731 1283 2812 originem
1302 2729 1470 2807 duxeruut

345 2833 378 2895 iu
397 2834 502 2914 priore
521 2832 602 2896 libro
623 2833 700 2895 satis
721 2833 889 2895 docuimus
909 2839 941 2895 91
959 2851 1056 2914 supra
1075 2836 1115 2915 (p.
1133 2833 1197 2894 234
1218 2835 1251 2895 91
1270 2833 1349 2909 243)
1376 2833 1469 2896 obiter

345 2938 536 2999 monuimus.
568 2935 693 3013 Quibus
718 2935 757 2998 de
782 2936 889 2998 causis
913 2935 1006 2998 illurn
1030 2940 1169 3016 textum,
1198 2955 1239 2999 cx
1268 2955 1333 3018 quo
1365 2937 1469 3000 classis

345 3038 477 3103 S-MA
501 3040 643 3122 profecta
668 3041 723 3119 est,
752 3037 791 3101 ab
816 3039 989 3122 archetypo
1018 3039 1150 3121 propius
1179 3039 1299 3102 afuisse
1329 3059 1427 3121 quam
1449 3038 1467 3098 11

343 3142 426 3223 libri,
447 3163 487 3206 cx
505 3143 622 3224 quibus
638 3143 666 3205 R
683 3146 714 3205 91
733 3143 760 3202 V
777 3142 836 3204 orti
854 3144 938 3221 sunt,
964 3141 1048 3204 haud
1070 3142 1137 3204 scio
1154 3162 1194 3204 an
1212 3142 1282 3204 iure
1298 3161 1467 3205 sumamus.

343 3245 456 3326 Neque
478 3246 549 3308 falsi
575 3265 645 3310 esse
670 3245 761 3308 nobis
786 3244 942 3325 videmur,
966 3245 993 3306 si
1018 3245 1152 3327 stirpem
1174 3243 1315 3308 familiae
1340 3243 1468 3309 S-lla

343 3349 472 3412 saeculo
488 3349 535 3412 [Χ
551 3347 763 3429 attribuimus,
780 3367 835 3410 eos
848 3367 925 3410 vero
939 3347 1075 3427 codices
1094 3346 1180 3412 unde
1193 3348 1220 3411 R
1233 3352 1265 3410 91
1277 3348 1308 3408 V
1321 3347 1467 3430 descripti

343 3457 427 3527 sunt,
455 3451 544 3514 brevi
574 3451 793 3514 tautummodo
823 3455 1002 3532 temporum
1031 3450 1199 3513 intervallo
1228 3449 1267 3512 ab
1287 3451 1369 3534 ipsis
1386 3451 1467 3514 libris

343 3555 371 3618 R
394 3559 426 3618 91
443 3555 472 3615 V
496 3554 673 3617 disiunctos
697 3555 798 3616 tuisse
822 3572 1000 3616 censemus.

432 3657 502 3720 Hoc
525 3658 624 3739 igitur
648 3659 680 3719 111
705 3662 772 3720 arte
797 3657 910 3720 critica
932 3657 967 3718 111
986 3657 1213 3738 Aristophanis
1236 3656 1357 3720 fabulis
1384 3657 1467 3720 iacti·
1517 3683 1518 3696 ¹

342 3759 437 3824 tanda
457 3760 631 3824 tenendum
652 3768 709 3840 est,
733 3760 878 3823 diversas
897 3760 1113 3840 recensiones
1134 3777 1216 3842 quae
1235 3761 1380 3842 antiquis
1398 3767 1466 3823 tem·

1517 4853 1518 4908 l

341 3863 473 3946 poribus
497 3863 660 3945 extabant,
690 3862 858 3927 codicibus
887 3864 1005 3925 nostris
1027 3863 1071 3926 ita
1101 3862 1234 3926 traditas
1258 3881 1345 3935 esse,
1377 3869 1411 3926 ut
1433 3859 1465 3924 ad

342 3975 464 4032 textum
486 3969 600 4031 comici
621 3965 881 4031 constituendum
900 3970 964 4029 tam
983 3966 1055 4029 libri
1074 3967 1272 4029 recentiores
1289 3966 1358 4030 MA
1378 3984 1464 4048 quam

341 4071 399 4134 RV
416 4070 588 4134 adhibendi
604 4071 697 4134 nobis
714 4072 792 4146 sint,
817 4089 923 4151 neque
940 4070 1025 4132 enim
1042 4077 1209 4152 propterea
1225 4068 1291 4132 fide
1310 4068 1464 4152 digniores

340 4178 416 4236 911111
438 4174 505 4254 RV,
530 4173 616 4255 quod
640 4179 743 4236 aetate
767 4173 895 4236 codices
920 4172 984 4234 MA
1009 4177 1170 4254 superant.
1199 4171 1238 4234 Iu
1261 4175 1330 4236 arte
1360 4173 1463 4236 critica

341 4276 520 4339 (exercenda
545 4277 701 4340 librorum
731 4296 793 4338 nou
823 4275 899 4337 anni
928 4281 1006 4337 sunt
1033 4273 1234 4352 numerandi,
1266 4273 1324 4338 sed
1352 4275 1463 4357 ponde

340 4378 458 4444 randao
482 4381 625 4442 uirtutes.
