3184 5234
344 493 386 556 38
772 495 886 552 Victor
905 494 1048 562 ecaton,

344 671 472 752 duntur,
496 688 522 734 e.
539 689 568 752 g.
586 670 621 732 in
640 673 767 732 nostrae
789 666 917 731 fabulae
940 687 969 730 ν.
988 667 1051 728 152
1076 665 1120 730 dic
1135 664 1165 726 V
1182 663 1377 748 plurimique
1400 667 1475 728 cett
1581 663 1582 716 ἒ

344 774 444 856 codd,
467 774 510 838 εἰ(
533 773 563 854 S,
587 772 620 837 tc
644 772 680 854 R„
704 773 738 835 iu
763 791 791 834 r.
809 771 871 834 237
898 767 1319 849 drcPar.SetIunt11d.,
1347 765 1474 831 21ch

343 883 424 946 cett.
447 877 482 939 in
506 895 533 938 v.
550 877 615 938 495
633 875 677 938 ὼε
691 872 760 956 RV,
784 873 828 937 είε
842 872 883 954 U,
906 871 996 936 Bodl.
1015 873 1043 935 2.
1061 873 1090 934 3.
1113 869 1230 936 Nostro
1245 870 1316 934 loco
1333 869 1475 934 editores

343 981 462 1062 optimo
490 980 561 1042 iure
589 979 634 1042 ὼε
662 979 696 1040 in
724 980 847 1040 textum
875 979 1074 1057 receperunt
1109 972 1223 1056 Neque
1251 974 1337 1038 enim
1366 972 1410 1038 είε
1433 971 1475 1036 de

343 1100 480 1165 persona
503 1081 566 1144 dici
589 1081 701 1144 statuit
718 1079 890 1144 Eimsteius
908 1077 949 1142 ad
968 1078 1048 1143 th.
1067 1078 1162 1141 1222.
1186 1079 1254 1140 Aut
1268 1076 1413 1141 εἰεελθεῖν
1429 1075 1476 1140 εἴ(

343 1204 426 1247 τινα(
448 1181 527 1264 (scil.
544 1183 654 1264 οἰκίαν)
682 1186 739 1245 aut
766 1182 810 1245 dic
836 1200 905 1246 τινα
927 1181 1030 1245 Attici
1057 1179 1214 1262 dicebaut
1241 1199 1307 1243 non
1330 1178 1374 1243 εἴ(
1395 1198 1474 1241 τινα

345 1285 495 1350 Ceterum
515 1284 662 1350 conferas
681 1284 777 1348 velim
794 1284 833 1348 de
849 1284 1086 1367 praepositione
1103 1285 1147 1348 ὼε
1162 1302 1235 1347 cum
1251 1281 1358 1346 verbis
1374 1278 1475 1344 eundi

344 1389 383 1453 ab
406 1389 620 1472 Aristophane
644 1389 817 1452 coniuncta
841 1387 970 1451 Baohm.
988 1387 1069 1451 coni.
1086 1386 1209 1450 observ.
1226 1388 1282 1449 Ar.
1298 1405 1327 1468 p.
1343 1385 1416 1447 115.

281 1478 283 1481 ¹
434 1491 472 1555 V.
490 1494 554 1555 566
577 1491 659 1555 inR
682 1492 730 1555 sic
753 1491 885 1574 legitur:
910 1492 948 1568 νὴ
973 1492 1030 1554 τὸν
1046 1489 1097 1554 Δί’
1115 1489 1140 1554 εί
1163 1492 1209 1554 δεῖ
1233 1492 1342 1554 λαθεῖν
1365 1487 1477 1568 αὐτόν,

343 1599 412 1690 πῶς
435 1593 504 1674 οὐχὶ
527 1594 653 1672 κόεμιὸν
677 1594 773 1673 ἐετιν;
797 1594 831 1656 in
850 1593 896 1656 V:
921 1594 960 1670 νὴ
984 1594 1041 1656 τὸν
1065 1592 1117 1657 Δί’
1142 1591 1170 1655 εἴ
1191 1612 1227 1666 γε
1245 1594 1350 1656 λαθεῖν
1375 1588 1476 1653 αὐτὸν

344 1701 398 1779 δεῖ,
422 1697 556 1775 κὸεμιόν
579 1697 676 1776 ἐετιν;
705 1695 820 1760 Suidas
843 1695 942 1759 verba
969 1694 1106 1778 profert:
1137 1694 1219 1769 εἴγε
1246 1697 1352 1758 λαθεῖν
1377 1692 1477 1756 αὐτὸν

345 1803 398 1881 δεῖ,
421 1805 491 1864 ταῦτ
514 1797 554 1862 οῦ
578 1799 705 1877 κότμιόν
730 1799 826 1876 ἐετιν;
851 1798 1043 1878 Munatius,
1062 1797 1230 1880 Bergkius,
1249 1796 1381 1879 plurimi
1400 1799 1476 1859 cett

344 1900 431 1965 editt
451 1920 582 1966 versum
610 1905 798 1984 corruptum
827 1900 1023 1965 deleverunt
1059 1899 1105 1963 cf.
1126 1898 1256 1963 Porson.
1273 1897 1352 1962 Adv.
1373 1917 1403 1980 p.
1422 1899 1478 1960 35.

343 2004 410 2068 Iam
431 2004 621 2068 scholiastae
640 2022 753 2068 versus
770 2009 938 2086 suspectus
954 2005 1029 2067 erat.
1053 2001 1205 2086 Legimus
1222 2002 1307 2066 euim
1324 2001 1358 2062 in
1375 1999 1478 2064 schol.

344 2128 406 2173 reo.
432 2111 559 2188 ψυχρὸν
584 2110 678 2173 δὲτὸ
703 2108 873 2187 ἐνθύμημα.
904 2109 997 2173 Adde
1021 2107 1107 2191 quod
1131 2107 1358 2173 coniunctione
1382 2106 1411 2170 εἴ
1430 2125 1479 2184 γε,

345 2214 464 2296 quippe
498 2231 579 2294 quoe
611 2212 651 2275 ab
684 2213 790 2276 Attico
820 2231 967 2276 sermone
997 2211 1102 2275 aliena
1132 2211 1186 2291 sit,
1217 2228 1282 2272 nou
1317 2227 1395 2272 usus
1426 2215 1478 2272 est

344 2317 488 2380 comicus
510 2315 561 2397 (ci.
578 2313 705 2378 Dobree
726 2314 806 2378 Adv.
828 2315 895 2378 orit
912 2313 944 2378 Π
968 2315 1099 2396 p.181).
1130 2311 1219 2388 Quae
1241 2331 1316 2376 cum
1336 2311 1381 2375 ita
1401 2311 1479 2396 sint,

344 2419 570 2501 grammaticus
590 2416 720 2499 quidam
739 2417 946 2500 Aristophani
965 2435 1094 2480 versum
1118 2421 1262 2480 nostrum
1286 2420 1407 2479 temere
1428 2416 1480 2477 in-

345 2520 522 2585 culcavisse
551 2520 686 2583 videtur.
720 2519 843 2583 Versus
871 2525 977 2583 autem
1004 2518 1091 2602 apud
1118 2517 1251 2583 Suidam
1277 2536 1319 2582 ex
1348 2517 1480 2581 duobus

344 2623 564 2688 Pherecrateis
584 2627 716 2704 constat,
740 2642 815 2686 cum
837 2623 871 2686 in
894 2621 1059 2686 codicibus
1078 2622 1147 2686 eius
1167 2621 1293 2684 numeri
1311 2618 1481 2702 depravati

345 2728 409 2790 sint
432 2748 451 2790 a
473 2726 556 2790 malo
576 2726 803 2807 versificatore,
827 2727 883 2807 qui
904 2743 1033 2789 versum
1053 2724 1263 2807 anapaesticis
1283 2723 1479 2787 tetrametris

344 2830 460 2895 comici
483 2827 690 2894 accomodare
713 2828 823 2892 voluit

433 2932 473 2996 In
502 2952 530 2994 ν.
553 2932 616 2994 586
645 2933 758 3015 κοτίνῳ
787 2930 933 3013 ετεφάνῳ
961 2929 1113 2992 traditum
1144 2929 1254 2992 estin
1282 2929 1319 3010 R,
1348 2930 1478 2991 κοτίνου

346 3037 489 3119 σεφάνψ
512 3035 545 3097 in
571 3034 676 3098 s—V.
712 3033 763 3097 Ex
786 3033 925 3097 lectione
950 3032 979 3096 R
1001 3031 1164 3096 Porsouus
1188 3035 1302 3112 κοτινῷ
1328 3028 1478 3112 σεφάνῳ

346 3138 462 3219 effecit
477 3137 562 3219 quod
577 3137 715 3201 editores
727 3134 1086 3218 praeterLeeuwenium
1099 3138 1297 3217 receperunt
1315 3131 1478 3213 Equidem

346 3241 385 3305 de
401 3241 559 3305 adieetivo
576 3245 689 3322 κοτινῷ
714 3239 833 3319 dubito,
858 3240 977 3322 quippe
1001 3258 1074 3302 cum
1099 3255 1258 3319 nusquam
1281 3236 1478 3299 inveniatur.

346 3349 453 3427 Atque
473 3346 545 3408 iure
560 3342 775 3407 Leouwenius
790 3343 825 3405 in
844 3341 949 3406 adnot
966 3342 1005 3406 ad
1027 3342 1056 3405 h.
1069 3361 1098 3405 v.
1115 3348 1239 3406 monet:
1265 3336 1477 3404 “Genitivum

345 3448 496 3511 materiae
519 3452 607 3509 recte
630 3464 665 3508 se
689 3444 806 3508 habere
830 3449 988 3509 testantur
1005 3445 1238 3527 inscriptiones,
1263 3462 1289 3507 e.
1306 3463 1334 3525 g.
1352 3443 1479 3519 ‘mequ-

346 3554 443 3613 νῶται
473 3550 591 3611 θαλλοῦ
624 3547 780 3629 ςτεφάνῳ’
810 3548 844 3610 in
873 3547 978 3630 lapide
1007 3547 1216 3629 Amorgin0”.
1251 3546 1385 3610 Praeter
1414 3543 1479 3607 hoo

347 3650 530 3733 exemplum
555 3648 594 3712 cf.
612 3648 684 3712 cm
702 3648 744 3730 11,
770 3650 842 3729 660,
869 3650 918 3730 16,
945 3651 995 3727 17,
1021 3651 1062 3712 16
1086 3652 1136 3712 ter
1159 3649 1315 3728 ττὲφανοτ
1339 3649 1479 3725 χρυεοῦε

347 3756 480 3834 θαλλοῦ,
504 3751 700 3834 Dittenberg.
720 3751 796 3832 Syll.
813 3751 838 3814 Ι.
858 3751 924 3814 Gr.²
943 3752 1016 3832 277,
1042 3753 1058 3814 'i
1085 3754 1188 3814 κιττοῦ
1209 3753 1376 3830 ετέφανον,
1401 3750 1478 3830 588,

348 3857 367 3920 9
392 3857 549 3935 ετὲφανον
572 3857 692 3933 χρυεοῦ
716 3857 830 3936 κιττοῦ,
854 3854 933 3917 alios
952 3854 1047 3935 locos,
1072 3854 1210 3936 denique
1228 3853 1344 3918 incerti
1362 3857 1479 3934 poetae

347 3960 445 4024 Anth.
463 3957 528 4022 Pei.
545 3958 575 4019 V
594 3960 656 4021 199
682 3961 784 4022 κιεεοῦ
809 3958 933 4022 κυάνεοι
960 3957 1117 4037 ετίφανοι.
1151 3955 1240 4033 Quae
1268 3975 1341 4019 cum
1369 3956 1414 4018 ita
1442 3973 1480 4018 se

347 4063 493 4143 habeant,
517 4063 605 4125 etin
628 4082 657 4124 v.
678 4061 742 4124 586
767 4065 799 4125 et
821 4062 856 4124 in
880 4081 907 4124 ν.
925 4062 989 4124 592
1014 4061 1139 4125 κοτίνου
1163 4060 1309 4142 ετεφάνῳ
1334 4057 1481 4122 scriben-

348 4167 426 4230 dum
442 4171 499 4242 est,
512 4184 706 4247 quamquam
721 4164 755 4226 in
771 4184 800 4227 ν.
814 4166 878 4228 586
895 4185 971 4228 τοοκ
987 4167 1133 4247 sequitur
1149 4169 1265 4246 χρυεῷ,
1282 4181 1364 4246 quae
1380 4181 1480 4226 causa

348 4270 448 4334 inisse
472 4268 600 4333 videtur
622 4268 709 4331 illius
732 4269 854 4351 κοτίνῳ.
878 4269 987 4349 Atque
1010 4286 1112 4330 unum
1129 4265 1238 4330 locum
1256 4265 1356 4330 attere
1373 4263 1480 4348 liceat

349 4393 412 4456 quo
436 4374 556 4456 pariter
578 4374 674 4453 atque
697 4371 731 4433 in
751 4376 859 4434 nostro
880 4391 907 4434 ν.
923 4375 996 4453 post
1011 4371 1190 4452 genitivum
1206 4370 1356 4432 materiae
1372 4366 1481 4434 adiee-
