3058 5222
272 547 458 616 Quaestiones
478 547 593 603 criticae
611 547 642 602 in
660 548 858 618 Aristophanis
877 549 997 604 tabulas.
1136 543 1201 606 ‘219

66 725 183 798 πῶμεν
202 719 237 783 in
255 719 307 783 Is
324 721 398 800 715,
423 723 557 802 ςιβυλλιᾷ
581 720 615 782 in
632 719 688 803 uq.
707 721 757 783 61.
782 719 829 783 Ol.
846 719 878 782 Z.
896 721 951 783 Ar.
967 720 1010 785 St.
1027 741 1055 804 p.
1076 723 1115 786 12
1133 741 1200 804 sqq.

66 823 107 886 ad
129 821 188 906 Eq.
207 824 257 904 61,
274 821 330 885 ubi
344 821 449 886 fusius
469 821 617 886 dehisce
642 822 749 886 verbis
773 822 995 886 desiderativis
1018 830 1125 887 aetum
1144 827 1201 888 est.

66 926 276 990 Adiectivum
293 944 368 990 vero
393 927 543 1003 ληματίας
565 927 695 1008 propter
718 925 799 988 illud
815 924 961 1005 ἀνδρεῖος
983 926 1069 1008 quod
1093 927 1201 1009 sequi-

64 1037 122 1092 tur
145 1033 253 1092 ortum
276 1047 346 1092 esse
369 1049 463 1094 nemo
488 1049 553 1092 non
577 1029 744 1111 intellegit

160 1132 199 1196 In
222 1152 251 1195 v.
275 1133 338 1194 567
365 1132 384 1195 δ
409 1132 438 1194 δ’
456 1131 548 1216 ᾤχετ’
570 1131 679 1216 ἐξᾴξας
702 1152 738 1206 γε
760 1133 817 1198 τάς
842 1134 978 1211 ψιάθους
1000 1135 1108 1213 λαβὼν
1133 1133 1201 1196 vul-

63 1241 140 1318 gata
156 1236 315 1318 scriptura
331 1240 381 1298 est
394 1236 449 1300 τάς
465 1236 610 1316 ψιάθους,
634 1254 730 1316 quam
750 1235 873 1299 scholia
891 1255 1019 1318 quoque
1035 1235 1093 1300 RV
1110 1255 1201 1319 prae·

64 1338 146 1402 bent
169 1337 278 1402 addito
300 1344 407 1403 tamen
431 1337 653 1402 adnotatione:
680 1339 715 1402 ἐν
734 1340 771 1401 δὲ
788 1343 834 1420 τῷ
854 1339 1131 1417 Καλλιςτράτου
1148 1338 1200 1420 (cf.

63 1447 163 1506 antea
186 1461 215 1524 p.
240 1442 316 1520 204)
339 1441 509 1519 γέγραπται
523 1443 598 1505 τοὺς
614 1440 761 1519 ψιάθους.
785 1440 856 1517 Quo
875 1459 994 1524 genere
1013 1441 1110 1505 huius
1126 1441 1201 1506 sub-

63 1544 200 1607 stantivi
223 1544 471 1626 Aristophanem
500 1561 595 1606 usum
623 1561 694 1607 esse
721 1545 819 1607 etiam
841 1543 956 1608 Suidas
983 1564 1006 1608 s.
1031 1564 1060 1608 v.
1084 1545 1201 1622 ψίαθος

63 1653 302 1711 commemorat.
327 1645 390 1711 Sed
415 1665 490 1710 eum
513 1648 548 1710 in
572 1646 622 1710 Ls.
648 1647 712 1710 922
742 1649 817 1711 ποία
840 1649 974 1725 ψίαθος;
1006 1649 1038 1711 et
1061 1649 1094 1709 in
1119 1667 1199 1711 oona

60 1771 160 1814 anon.
176 1749 223 1814 IV
242 1751 305 1813 700
320 1749 359 1814 fr.
376 1753 440 1814 383
462 1749 513 1833 [K.
532 1749 662 1813 111547
680 1749 717 1812 ir.
732 1749 809 1834 789]
834 1751 868 1813 ἐκ
885 1754 940 1828 τῆς
963 1750 1059 1828 αὐτῆς
1078 1751 1198 1828 ψιάθου

61 1855 278 1928 γεγονώς-
300 1855 338 1916 ut
362 1852 401 1917 de
424 1851 609 1917 comoediae
633 1871 779 1916 sermone
803 1853 917 1935 loquar
940 1889 982 1898 -
1006 1853 1200 1935 inveniatur,

61 1957 145 2038 quin
178 1955 377 2020 Callistratus
407 1955 508 2019 falsus
532 1955 581 2038 sit,
610 1955 751 2019 dubitari
773 1956 895 2037 nequit.
920 1955 1071 2020 Ceterum
1095 1955 1134 2019 ef.
1159 1955 1199 2020 de

62 2060 126 2123 hae
151 2077 231 2122 voce
254 2059 374 2139 Phryn.
399 2079 428 2142 p.
453 2060 527 2123 309.

158 2161 196 2225 V.
217 2162 280 2224 625
304 2161 339 2224 in
354 2161 414 2225 RV
433 2163 481 2224 sie
505 2160 655 2224 traditur:
682 2162 721 2238 μῆ
741 2161 809 2240 δῆτ’
827 2161 932 2238 ἔμοιγ’.
952 2158 1038 2225 οῧτιιι
1055 2163 1092 2224 δὲ
1108 2162 1200 2241 βαιά-

60 2265 122 2330 νιζ’
140 2264 257 2346 (οὕτως
277 2263 355 2328 ἄνευ
374 2268 461 2342 τιμῆς
483 2263 620 2342 βαςάνιζ’
638 2263 676 2339 V,
699 2262 808 2326 verbis
832 2262 907 2327 άνευ
926 2268 1014 2342 τιμῆς
1037 2283 1056 2327 e
1079 2263 1199 2346 glosse-

60 2373 151 2431 mate
174 2368 383 2448 interlineari,
408 2370 444 2430 ut
466 2365 603 2448 videtur,
627 2366 710 2430 male
729 2368 876 2447 invectis)
893 2367 1078 2442 ἀπαγαγών.
1095 2367 1199 2430 Schol.

59 2490 128 2535 reo.
156 2471 251 2534 otiam
277 2488 407 2544 versum
429 2469 533 2549 affert,
565 2470 670 2551 qualis
694 2470 728 2532 in
752 2470 814 2533 AU
838 2469 1027 2534 exhibetur:
1058 2473 1139 2535 πνὲς
1162 2473 1199 2534 δὲ

60 2575 102 2650 μῆ
130 2571 200 2650 δῆτ’
220 2572 274 2650 ἐμέ
290 2593 334 2653 γε,
349 2575 466 2636 τοῦτον
490 2575 526 2635 δὲ
543 2571 680 2650 βαςάνιῑ’
698 2572 879 2648 ἀπαγαγών.
904 2572 994 2649 Quae
1013 2573 1114 2636 forma
1130 2591 1200 2636 ver·

60 2695 121 2739 sus
146 2675 235 2739 nullo
258 2681 351 2758 pacto
375 2675 528 2738 orationis
552 2675 719 2738 contextui
744 2677 903 2738 convenit.
932 2675 1110 2739 Nemeum
1138 2677 1200 2739 Αο-

60 2797 145 2841 acus
169 2777 331 2842 Xanthiao
354 2779 389 2840 in
412 2797 474 2840 vss
500 2779 677 2840 624-625
703 2775 802 2840 dieat:
828 2777 887 2854 γῆν
905 2797 931 2840 π
947 2782 1085 2857 πηρώςω
1102 2779 1137 2852 rt
1154 2797 1200 2841 ςοι

60 2885 123 2944 τὸν
149 2884 249 2944 παῑδα
270 2882 408 2961 τύπτων,
437 2881 609 2958 τάργύριόν
633 2901 679 2944 ςοι
703 2882 842 2961 κείςεται,
867 2879 1042 2943 Xanthiam
1066 2883 1105 2957 μή
1131 2879 1200 2959 δῆτ’

59 2983 165 3059 ἔμοιγ’
183 2983 261 3064 (soil.
287 2983 439 3060 ἀργύριον
455 2984 570 3046 δοτέον
593 2983 673 3064 ἐςτὶ),
693 3003 757 3046 non
778 2983 831 3060 ἐμὲ
846 3003 881 3058 γε
898 2982 1091 3066 respondere
1107 3001 1200 3064 opor·

59 3093 122 3162 tet;
150 3105 256 3168 nequo
276 3087 362 3149 enim
381 3086 411 3150 ei
430 3089 588 3149 tormenta
610 3086 751 3149 minatus
771 3087 819 3150 est
842 3087 977 3166 Aesone,
997 3084 1053 3148 sed
1077 3084 1200 3166 Diony-

61 3209 110 3259 so,
136 3193 175 3252 ut
198 3207 294 3271 quem
317 3207 446 3252 servum
471 3207 542 3252 esse
565 3191 666 3271 putet.

156 3291 195 3354 In
219 3311 247 3356 v.
273 3292 334 3354 741
361 3293 398 3354 τὸ
423 3293 458 3354 δὲ
483 3291 523 3367 μή
546 3291 678 3355 πατάξαι
702 3290 728 3354 ς’
745 3289 952 3369 ἐξελεγχθέντ’
973 3289 1117 3367 άνπκρυς
1140 3289 1199 3352 RV

60 3395 186 3458 habent
209 3393 418 3472 ἐξελεγχθέντ’
442 3393 482 3474 (R
505 3392 630 3457 duabus
655 3393 769 3456 litteris
793 3395 849 3474 λλ).
874 3393 912 3455 In
936 3393 1067 3456 scholiis
1082 3392 1199 3456 lemma

59 3503 114 3560 est
139 3494 333 3570 ἐξελέγξαντ’
357 3493 501 3574 άνπκρυς
521 3494 638 3558 additis
662 3494 770 3558 verbis
793 3495 947 3574 γράφεται
970 3497 1198 3575 ἐξελεγχθέντα.

60 3600 212 3680 Utraque
232 3597 332 3680 igitur
350 3598 445 3662 leotio
465 3598 655 3662 scholiastae
675 3600 752 3661 nota
771 3602 855 3674 erat3
880 3617 1015 3680 quarum
1039 3599 1126 3681 prior
1144 3597 1199 3661 illa

58 3699 265 3780 ἐξελέγξαντ’,
290 3719 365 3764 eum
390 3701 423 3762 in
447 3701 595 3764 lemmate
620 3703 722 3782 posita
745 3701 796 3783 sit,
821 3703 1041 3766 econieetura
1059 3705 1133 3765 nata
1153 3703 1199 3764 vi·

59 3803 168 3866 detur.
187 3800 347 3866 Valsenus
363 3804 400 3866 τὸ
418 3806 453 3867 δὲ
470 3807 510 3881 μῆ
529 3806 662 3869 πατάξαι
681 3803 708 3868 ς’
725 3803 914 3878 ἐξελέγξαντ’
935 3805 1079 3884 άνιικρυς
1097 3807 1195 3888 scrip-

59 3908 114 3968 sit.
147 3903 241 3980 Quod
265 3907 311 3968 ita
332 3903 463 3968 defendi
482 3908 594 3989 potest,
619 3908 656 3969 ut
679 3905 719 3969 de
742 3907 912 3990 participio
936 3907 1135 3988 ἐξελέγξαντ’,
1164 3909 1198 3970 in

60 4028 129 4090 quo
158 4008 342 4072 subiectum
369 4007 461 4089 inest
492 4010 524 4072 et
551 4008 592 4072 de
620 4008 784 4071 infinitivo
812 4009 953 4091 πατάξαι,
982 4010 1038 4091 qui
1063 4010 1198 4073 verbum

59 4111 225 4174 enuntiati
249 4113 305 4190 est
329 4111 393 4173 άπὸ
417 4115 527 4175 κοινοῦ
551 4131 727 4195 pronomen
752 4111 777 4176 r'
802 4112 947 4195 pendeat.
976 4113 1039 4176 Sed
1065 4132 1138 4177 oum
1164 4114 1196 4176 in

60 4215 125 4278 hoc
150 4215 317 4278 enuntiato
339 4215 459 4297 pariter
482 4217 578 4296 atque
602 4215 634 4276 in
656 4235 685 4277 ν.
704 4216 741 4277 τδ
765 4218 801 4278 δὲ
821 4217 861 4292 μὴ
881 4217 1013 4278 πατάξαι
1038 4215 1063 4280 ς’
1080 4217 1198 4291 ἐξελεγ-

60 4316 169 4395 χθέντ’
191 4314 336 4394 ἄντικρυς
363 4336 540 4399 pronomen
564 4317 662 4381 αὐτόν
691 4316 905 4398 desideretur,
936 4337 999 4380 non
1029 4317 1195 4400 habemus,

60 4437 124 4482 eur
146 4419 339 4501 scripturam
355 4417 414 4482 RV
430 4437 626 4502 spernamus.
652 4418 723 4495 Qua
738 4422 866 4502 recepto
882 4439 1057 4503 pronomen
1075 4441 1107 4484 ςε
1123 4440 1198 4485 oum
