3084 5228
330 503 393 568 116
756 511 871 566 Victor
890 509 1034 581 (toulon,

327 682 468 766 graphas
483 682 595 767 procul
612 683 710 748 dubio
726 689 759 748 ot
776 683 896 748 librum
911 683 940 748 R
955 687 988 749 et
998 683 1029 746 V
1041 689 1199 749 vetustate
1214 689 1350 768 superat
1378 683 1450 748 Cum

328 790 434 850 autam
462 786 525 850 iam
548 786 739 870 Buengerus
761 808 790 870 p.
807 788 850 852 20
863 806 930 869 sqq.
954 786 1093 852 Sohneei
1116 787 1272 851 rationem
1295 786 1450 868 refellerii

326 889 360 952 in
384 891 594 973 occupatione
617 890 715 954 huius
738 890 875 973 amplius
897 892 1019 954 versari
1043 889 1301 973 supersedemus

415 991 699 1076 Progredientibus
726 993 825 1076 igitur
847 994 882 1056 in
905 993 1074 1058 enodanda
1095 993 1344 1074 necessitudine,
1374 1011 1449 1076 quae

326 1096 412 1160 inter
429 1095 560 1160 Suidam
584 1100 616 1160 et
639 1095 767 1160 codices
783 1096 847 1159 MA
865 1094 1049 1178 intercedat,
1074 1115 1149 1161 oum
1172 1095 1212 1160 de
1235 1095 1452 1178 discrepantia

326 1217 424 1283 supra
442 1200 645 1280 enumeratis,
668 1199 797 1282 qualem
820 1217 896 1282 prae
914 1217 949 1262 se
972 1199 1077 1263 ierant
1099 1200 1248 1282 speeiem,
1271 1200 1306 1261 in
1330 1204 1452 1262 antece·

326 1302 414 1366 denti
441 1302 638 1386 paragrapho
665 1303 742 1366 satis
769 1302 891 1366 dietum
920 1301 1013 1365 nobis
1041 1303 1091 1384 sit,
1118 1303 1301 1385 proximum
1329 1302 1452 1366 videtur

325 1425 407 1486 esse,
431 1405 577 1485 nilonis,
602 1405 721 1488 quibus
745 1409 774 1469 A
798 1410 831 1470 et
853 1405 888 1468 Μ
912 1411 1044 1488 aparte
1067 1405 1089 1470 S
1112 1407 1206 1487 stane
1235 1425 1290 1470 eos
1318 1425 1453 1489 oppona-

324 1528 406 1592 ιιιιια,
430 1509 485 1597 ubi
502 1511 580 1575 Aet
598 1509 633 1572 M
656 1508 813 1574 adversus
832 1508 853 1572 S
877 1508 1009 1572 iaciunt„
1038 1507 1108 1585 Qua
1129 1509 1164 1571 in
1187 1527 1223 1571 re
1246 1509 1294 1572 sio
1316 1527 1453 1591 agemus,

324 1620 363 1676 ut
384 1614 523 1696 primum
547 1631 603 1676 eos
627 1611 826 1696 proferamus
850 1630 972 1692 vemas,
995 1611 1031 1674 in
1054 1610 1173 1694 quibus
1196 1613 1230 1676 et
1245 1613 1275 1674 A
1292 1615 1325 1675 at
1346 1611 1381 1674 Μ
1402 1609 1453 1674 α8

324 1714 527 1798 dissentiunt,
550 1715 666 1780 deinde
691 1734 753 1798 eos,
777 1714 834 1778 ubi
857 1715 892 1778 Μ
915 1735 935 1778 ιι
957 1715 988 1796 8,
1013 1719 1081 1778 tum
1105 1733 1169 1793 noe,
1193 1715 1249 1778 ubi
1265 1717 1295 1779 A
1311 1714 1370 1778 aS
1393 1715 1453 1777 die

325 1823 448 1902 erepat;
481 1839 545 1901 quo
568 1819 616 1900 fit,
647 1825 684 1882 ut
704 1837 818 1882 versus
847 1817 1003 1900 quosdam
1033 1818 1097 1880 iam
1128 1819 1162 1882 in
1193 1817 1454 1882 antecedentibus

323 1921 448 1985 tabellis
475 1923 527 2004 (§§
552 1923 581 2003 3,
607 1922 635 2003 6,
660 1923 692 2001 8)
720 1924 864 1984 enotaios
888 1940 954 1984 non
977 1920 1083 1984 denuo
1107 1920 1224 1984 afferre
1248 1938 1453 2003 nequeamus.

325 2022 449 2100 Quibus
476 2025 530 2088 alii
558 2024 621 2088 loci
644 2023 802 2087 addantur
824 2023 939 2088 litteris
964 2043 1056 2104 „oum
1079 2023 1160 2086 ΒΨ*
1184 2023 1328 2106 praediti,
1360 2025 1414 2089 ubi
1434 2025 1453 2088 8

324 2130 357 2189 et
379 2147 398 2190 a
419 2126 449 2190 R
472 2132 505 2191 et
527 2127 591 2190 aV
607 2129 718 2190 contra
740 2126 806 2191 MA
830 2126 1008 2190 adiuvatur.

341 2313 399 2352 vsa.
559 2280 624 2345 MA
1175 2283 1196 2346 S

804 2387 959 2464 Equitum
970 2408 976 2448 :

369 2489 410 2550 56
434 2489 637 2566 περιδραμὼν
1073 2492 1294 2567 παραδραμὼν
1337 2479 1338 2484 ¹

346 2590 410 2652 230
435 2590 643 2673 ἐξῃκαεμὲνοε
1079 2591 1291 2670 ἐξεικαεμένοε

345 2694 408 2756 357
435 2693 551 2756 ἐκπιὼν
1118 2695 1248 2758 ἐπιπιὼν

344 2796 409 2858 408
435 2795 463 2872 ἰὴ
479 2799 581 2860 παιὼν
602 2799 716 2879 (παιιῦν
729 2796 779 2876 A)
792 2795 860 2878 ᾷεαι
1088 2797 1280 2876 ἰηπαιωνίεαι

345 2901 408 2962 543
434 2897 500 2981 κᾷτ’
517 2900 664 2962 ἐντεῦθεν
1097 2900 1268 2964 κάντεῦθεν

345 3002 409 3065 680
433 3001 705 3081 ὑπερεπύππαζόν
727 3003 760 3065 τὲ
785 3021 821 3079 με
998 3003 1303 3082 ὑπερεπυππάζοντὸ
1329 3025 1369 3080 με

345 3105 408 3168 761
432 3104 612 3184 προκεῑεθαί
636 3125 682 3169 εοι
1042 3107 1239 3185 προεικὲεθαι
1262 3128 1320 3171 con

344 3209 407 3271 761
432 3208 591 3287 πρότεροι
1102 3209 1263 3286 πρότερον

344 3312 407 3374 761
433 3312 470 3375 εὺ
1154 3331 1213 3374 om.

345 3415 407 3477 783
433 3435 465 3478 εε
1152 3434 1212 3478 om.

344 3516 408 3579 846
432 3521 548 3580 τιτῶν
1147 3521 1213 3580 τῶν

343 3619 408 3682 856
432 3620 687 3698 καθαρπάεαντεε
1057 3619 1305 3684 καταεπάεαντεε

791 3783 962 3844 Ranarum
973 3803 980 3844 :

366 3884 405 3946 57
432 3883 558 3947 ἀτταταῖ
1021 3884 1165 3948 ἀππαπαῖ
1187 3903 1261 3948 oum
1287 3884 1345 3948 RV

344 3986 407 4048 138
431 3991 500 4051 πιῦε
522 4006 558 4060 γε
1145 3991 1214 4053 πιῦε

343 4090 406 4152 189
431 4088 549 4155 οὕνεκα
1127 4093 1231 4155 εἵνεκα

342 4193 404 4256 217
431 4193 695 4271 κραιπαλόκωμος
1045 4195 1317 4272 κραιπαλαίκωμοε

342 4295 406 4358 270
430 4297 467 4359 τὸ
490 4299 610 4360 ναῦλον
986 4297 1043 4360 τὸν
1066 4300 1189 4361 ναῦλον
1213 4315 1288 4360 cum
1311 4295 1373 4360 RV

342 4399 406 4464 290
429 4401 507 4463 ποτὲ
1054 4401 1127 4464 τότε
1150 4418 1224 4464 oum
1247 4398 1307 4463 RV
