<?xml version="1.0" encoding="UTF-8"?>
<!DOCTYPE html PUBLIC "-//W3C//DTD XHTML 1.0 Transitional//EN"
    "http://www.w3.org/TR/xhtml1/DTD/xhtml1-transitional.dtd">
<html xmlns="http://www.w3.org/1999/xhtml" xml:lang="en" lang="en">
 <head>
  <title>
</title>
<meta http-equiv="Content-Type" content="text/html;charset=utf-8" />
  <meta name='ocr-system' content='tesseract 3.04.00' />
  <meta name='ocr-capabilities' content='ocr_page ocr_carea ocr_par ocr_line ocrx_word'/>
</head>
<body>
  <div class='ocr_page' id='page_1' title='image "./dissertationesp00unkngoog_0221.png"; bbox 0 0 3058 5222; ppageno 0'>
   <div class='ocr_carea' id='block_1_1' title="bbox 350 477 415 572">
    <p class='ocr_par' dir='ltr' id='par_1_1' title="bbox 350 477 415 572">
     <span class='ocr_line' id='line_1_1' title="bbox 350 477 415 572; baseline -0.015 0"><span class='ocrx_word' id='word_1_1' title='bbox 350 477 415 572; x_wconf 78' lang='lat'>208</span> 
     </span>
    </p>
   </div>
   <div class='ocr_carea' id='block_1_2' title="bbox 366 710 423 748">
    <p class='ocr_par' dir='ltr' id='par_1_2' title="bbox 366 710 423 748">
     <span class='ocr_line' id='line_1_2' title="bbox 366 710 423 748; baseline 0.018 -1"><span class='ocrx_word' id='word_1_2' title='bbox 366 710 423 748; x_wconf 61' lang='grc' dir='ltr'>ΠΒ.</span> 
     </span>
    </p>
   </div>
   <div class='ocr_carea' id='block_1_3' title="bbox 776 516 1059 585">
    <p class='ocr_par' dir='ltr' id='par_1_3' title="bbox 776 516 1059 585">
     <span class='ocr_line' id='line_1_3' title="bbox 776 516 1059 585; baseline -0.004 -13"><span class='ocrx_word' id='word_1_3' title='bbox 776 516 894 572; x_wconf 85' lang='lat' dir='ltr'><strong>Victor</strong></span> <span class='ocrx_word' id='word_1_4' title='bbox 914 517 1059 585; x_wconf 88' lang='lat' dir='ltr'>Coulon,</span> 
     </span>
    </p>
   </div>
   <div class='ocr_carea' id='block_1_4' title="bbox 589 689 1247 754">
    <p class='ocr_par' dir='ltr' id='par_1_4' title="bbox 589 689 1247 754">
     <span class='ocr_line' id='line_1_4' title="bbox 589 689 1247 754; baseline -0.003 0"><span class='ocrx_word' id='word_1_5' title='bbox 589 689 662 754; x_wconf 87' lang='lat' dir='ltr'>Seh.</span> <span class='ocrx_word' id='word_1_6' title='bbox 1187 690 1247 754; x_wconf 88' lang='lat' dir='ltr'>RV</span> 
     </span>
    </p>
   </div>
   <div class='ocr_carea' id='block_1_5' title="bbox 461 806 1451 1408">
    <p class='ocr_par' dir='ltr' id='par_1_5' title="bbox 461 806 1451 1304">
     <span class='ocr_line' id='line_1_5' title="bbox 461 806 1449 889; baseline -0.005 -13"><span class='ocrx_word' id='word_1_7' title='bbox 461 811 570 876; x_wconf 84' lang='grc' dir='ltr'>ἄλλων</span> <span class='ocrx_word' id='word_1_8' title='bbox 587 812 636 874; x_wconf 87' lang='grc' dir='ltr'>καὶ</span> <span class='ocrx_word' id='word_1_9' title='bbox 652 807 701 872; x_wconf 82' lang='grc' dir='ltr'>ἐπὶ</span> <span class='ocrx_word' id='word_1_10' title='bbox 713 806 824 889; x_wconf 55' lang='grc' dir='ltr'>άλωλῖ,</span> <span class='ocrx_word' id='word_1_11' title='bbox 841 808 891 870; x_wconf 89' lang='grc' dir='ltr'>ἐπὶ</span> <span class='ocrx_word' id='word_1_12' title='bbox 945 807 1085 872; x_wconf 82' lang='lat' dir='ltr'>bendum</span> <span class='ocrx_word' id='word_1_13' title='bbox 1099 814 1155 872; x_wconf 86' lang='lat' dir='ltr'>est.</span> <span class='ocrx_word' id='word_1_14' title='bbox 1171 807 1218 872; x_wconf 85' lang='lat' dir='ltr'>De</span> <span class='ocrx_word' id='word_1_15' title='bbox 1230 810 1263 872; x_wconf 77' lang='lat' dir='ltr'>vi</span> <span class='ocrx_word' id='word_1_16' title='bbox 1273 815 1306 872; x_wconf 82' lang='lat' dir='ltr'>et</span> <span class='ocrx_word' id='word_1_17' title='bbox 1316 827 1373 872; x_wconf 88' lang='lat' dir='ltr'>usu</span> <span class='ocrx_word' id='word_1_18' title='bbox 1382 809 1449 872; x_wconf 87' lang='lat' dir='ltr'>huius</span> 
     </span>
     <span class='ocr_line' id='line_1_6' title="bbox 462 908 1449 994; baseline -0.004 -16"><span class='ocrx_word' id='word_1_19' title='bbox 462 915 531 979; x_wconf 84' lang='grc' dir='ltr'>ἅλω</span> <span class='ocrx_word' id='word_1_20' title='bbox 567 914 616 978; x_wconf 85' lang='grc' dir='ltr'>καὶ</span> <span class='ocrx_word' id='word_1_21' title='bbox 650 910 770 974; x_wconf 79' lang='grc' dir='ltr'>ἐπιαλῶ</span> <span class='ocrx_word' id='word_1_22' title='bbox 804 908 889 994; x_wconf 83' lang='lat' dir='ltr'>Ald.)</span> <span class='ocrx_word' id='word_1_23' title='bbox 944 909 1033 974; x_wconf 88' lang='lat' dir='ltr'>verbi</span> <span class='ocrx_word' id='word_1_24' title='bbox 1050 911 1090 974; x_wconf 86' lang='lat' dir='ltr'>of.</span> <span class='ocrx_word' id='word_1_25' title='bbox 1103 911 1220 976; x_wconf 85' lang='lat' dir='ltr'>Kookii</span> <span class='ocrx_word' id='word_1_26' title='bbox 1238 910 1343 976; x_wconf 84' lang='lat' dir='ltr'>adnot.</span> <span class='ocrx_word' id='word_1_27' title='bbox 1355 911 1389 974; x_wconf 86' lang='lat' dir='ltr'>ad</span> <span class='ocrx_word' id='word_1_28' title='bbox 1400 914 1422 974; x_wconf 92' lang='lat' dir='ltr'>h.</span> <span class='ocrx_word' id='word_1_29' title='bbox 1430 933 1449 974; x_wconf 82' lang='lat' dir='ltr'>v.</span> 
     </span>
     <span class='ocr_line' id='line_1_7' title="bbox 462 1011 1451 1096; baseline -0.004 -14"><span class='ocrx_word' id='word_1_30' title='bbox 462 1016 561 1082; x_wconf 87' lang='lat' dir='ltr'>sohel.</span> <span class='ocrx_word' id='word_1_31' title='bbox 576 1015 635 1080; x_wconf 87' lang='lat' dir='ltr'>RV</span> <span class='ocrx_word' id='word_1_32' title='bbox 645 1013 736 1086; x_wconf 61' lang='lat' dir='ltr'>mm</span> <span class='ocrx_word' id='word_1_33' title='bbox 755 1017 835 1079; x_wconf 84' lang='grc' dir='ltr'>τινὲτ</span> <span class='ocrx_word' id='word_1_34' title='bbox 853 1015 889 1078; x_wconf 84' lang='grc' dir='ltr'>δὲ</span> <span class='ocrx_word' id='word_1_35' title='bbox 943 1013 978 1075; x_wconf 92' lang='lat' dir='ltr'>in</span> <span class='ocrx_word' id='word_1_36' title='bbox 994 1011 1042 1076; x_wconf 90' lang='lat' dir='ltr'>ed.</span> <span class='ocrx_word' id='word_1_37' title='bbox 1058 1012 1107 1075; x_wconf 91' lang='lat' dir='ltr'>IV</span> <span class='ocrx_word' id='word_1_38' title='bbox 1121 1017 1207 1078; x_wconf 86' lang='grc'>1894</span> <span class='ocrx_word' id='word_1_39' title='bbox 1224 1019 1256 1079; x_wconf 83' lang='lat' dir='ltr'>et</span> <span class='ocrx_word' id='word_1_40' title='bbox 1270 1015 1451 1096; x_wconf 67' lang='lat' dir='ltr'>Lautensaeii</span> 
     </span>
     <span class='ocr_line' id='line_1_8' title="bbox 462 1115 1451 1202; baseline -0.005 -16"><span class='ocrx_word' id='word_1_41' title='bbox 462 1121 567 1186; x_wconf 74' lang='grc' dir='ltr'>οὓτω(</span> <span class='ocrx_word' id='word_1_42' title='bbox 599 1117 679 1184; x_wconf 71' lang='lat' dir='ltr'>dioc</span> <span class='ocrx_word' id='word_1_43' title='bbox 711 1115 888 1194; x_wconf 82' lang='grc' dir='ltr'>ἐπιβαλών·</span> <span class='ocrx_word' id='word_1_44' title='bbox 944 1116 1115 1182; x_wconf 71' lang='lat' dir='ltr'>Grammet</span> <span class='ocrx_word' id='word_1_45' title='bbox 1138 1117 1228 1182; x_wconf 85' lang='lat' dir='ltr'>Stud.</span> <span class='ocrx_word' id='word_1_46' title='bbox 1251 1138 1293 1182; x_wconf 86' lang='lat' dir='ltr'>zu</span> <span class='ocrx_word' id='word_1_47' title='bbox 1317 1118 1344 1181; x_wconf 94' lang='lat' dir='ltr'>d.</span> <span class='ocrx_word' id='word_1_48' title='bbox 1362 1119 1451 1202; x_wconf 76' lang='lat' dir='ltr'>grieon</span> 
     </span>
     <span class='ocr_line' id='line_1_9' title="bbox 461 1218 1451 1304; baseline -0.002 -18"><span class='ocrx_word' id='word_1_49' title='bbox 461 1221 532 1287; x_wconf 87' lang='lat' dir='ltr'>add.</span> <span class='ocrx_word' id='word_1_50' title='bbox 556 1220 655 1284; x_wconf 81' lang='lat' dir='ltr'>schol.</span> <span class='ocrx_word' id='word_1_51' title='bbox 674 1218 733 1283; x_wconf 90' lang='lat' dir='ltr'>RV</span> <span class='ocrx_word' id='word_1_52' title='bbox 942 1219 1116 1302; x_wconf 76' lang='lat' dir='ltr'>Tragikern</span> <span class='ocrx_word' id='word_1_53' title='bbox 1138 1241 1168 1284; x_wconf 90' lang='lat' dir='ltr'>u.</span> <span class='ocrx_word' id='word_1_54' title='bbox 1188 1221 1361 1286; x_wconf 86' lang='lat' dir='ltr'>Komikern</span> <span class='ocrx_word' id='word_1_55' title='bbox 1378 1224 1451 1304; x_wconf 74' lang='lat' dir='ltr'><strong>(Aug-</strong></span> 
     </span>
    </p>

    <p class='ocr_par' dir='ltr' id='par_1_6' title="bbox 943 1323 1451 1408">
     <span class='ocr_line' id='line_1_10' title="bbox 943 1323 1451 1408; baseline 0.006 -23"><span class='ocrx_word' id='word_1_56' title='bbox 943 1333 1032 1387; x_wconf 91' lang='lat' dir='ltr'>ment</span> <span class='ocrx_word' id='word_1_57' title='bbox 1049 1343 1080 1386; x_wconf 90' lang='grc' dir='ltr'>ιι.</span> <span class='ocrx_word' id='word_1_58' title='bbox 1097 1323 1355 1408; x_wconf 81' lang='lat' dir='ltr'>Reduplikation)</span> <span class='ocrx_word' id='word_1_59' title='bbox 1373 1325 1451 1389; x_wconf 79' lang='lat'>1169.</span> 
     </span>
    </p>
   </div>
   <div class='ocr_carea' id='block_1_6' title="bbox 350 1425 1451 1507">
    <p class='ocr_par' dir='ltr' id='par_1_7' title="bbox 350 1425 1451 1507">
     <span class='ocr_line' id='line_1_11' title="bbox 350 1425 1451 1507; baseline -0.003 -13"><span class='ocrx_word' id='word_1_60' title='bbox 350 1430 436 1494; x_wconf 87' lang='grc'><strong>1509</strong></span> <span class='ocrx_word' id='word_1_61' title='bbox 462 1430 658 1507; x_wconf 82' lang='grc' dir='ltr'>ῶεήδίκουν;</span> <span class='ocrx_word' id='word_1_62' title='bbox 672 1425 827 1505; x_wconf 85' lang='grc' dir='ltr'>γράφεται</span> <span class='ocrx_word' id='word_1_63' title='bbox 838 1426 888 1489; x_wconf 88' lang='grc' dir='ltr'>καὶ</span> <span class='ocrx_word' id='word_1_64' title='bbox 943 1426 987 1491; x_wconf 71' lang='lat' dir='ltr'>dic</span> <span class='ocrx_word' id='word_1_65' title='bbox 1004 1427 1133 1504; x_wconf 82' lang='grc' dir='ltr'>ἠδίκουν</span> <span class='ocrx_word' id='word_1_66' title='bbox 1149 1446 1174 1488; x_wconf 87' lang='lat' dir='ltr'>r.</span> <span class='ocrx_word' id='word_1_67' title='bbox 1192 1427 1301 1491; x_wconf 84' lang='lat' dir='ltr'>Voces</span> <span class='ocrx_word' id='word_1_68' title='bbox 1317 1428 1359 1491; x_wconf 84' lang='grc' dir='ltr'>ῶε</span> <span class='ocrx_word' id='word_1_69' title='bbox 1373 1435 1399 1491; x_wconf 87' lang='lat' dir='ltr'>et</span> <span class='ocrx_word' id='word_1_70' title='bbox 1410 1429 1451 1492; x_wconf 80' lang='grc' dir='ltr'>οὓ(</span> 
     </span>
    </p>
   </div>
   <div class='ocr_carea' id='block_1_7' title="bbox 461 1527 1451 1924">
    <p class='ocr_par' dir='ltr' id='par_1_8' title="bbox 461 1527 1451 1924">
     <span class='ocr_line' id='line_1_12' title="bbox 462 1527 1451 1609; baseline -0.002 -13"><span class='ocrx_word' id='word_1_71' title='bbox 462 1532 518 1596; x_wconf 69' lang='grc' dir='ltr'>οὓς</span> <span class='ocrx_word' id='word_1_72' title='bbox 553 1531 684 1608; x_wconf 87' lang='grc' dir='ltr'>ἠδίκουν</span> <span class='ocrx_word' id='word_1_73' title='bbox 718 1528 817 1592; x_wconf 86' lang='lat' dir='ltr'>sohel.</span> <span class='ocrx_word' id='word_1_74' title='bbox 850 1527 887 1591; x_wconf 88' lang='lat' dir='ltr'>R.</span> <span class='ocrx_word' id='word_1_75' title='bbox 943 1528 1037 1592; x_wconf 81' lang='lat' dir='ltr'>etiem</span> <span class='ocrx_word' id='word_1_76' title='bbox 1061 1529 1096 1591; x_wconf 90' lang='lat' dir='ltr'>in</span> <span class='ocrx_word' id='word_1_77' title='bbox 1120 1528 1166 1592; x_wconf 91' lang='lat' dir='ltr'>Pl.</span> <span class='ocrx_word' id='word_1_78' title='bbox 1184 1530 1280 1609; x_wconf 85' lang='lat'>1089,</span> <span class='ocrx_word' id='word_1_79' title='bbox 1304 1531 1357 1594; x_wconf 90' lang='lat' dir='ltr'>ubi</span> <span class='ocrx_word' id='word_1_80' title='bbox 1375 1530 1398 1594; x_wconf 87' lang='lat' dir='ltr'>R</span> <span class='ocrx_word' id='word_1_81' title='bbox 1413 1530 1451 1608; x_wconf 77' lang='lat' dir='ltr'>oc,</span> 
     </span>
     <span class='ocr_line' id='line_1_13' title="bbox 461 1630 1451 1715; baseline -0.004 -17"><span class='ocrx_word' id='word_1_82' title='bbox 461 1634 551 1711; x_wconf 81' lang='lat' dir='ltr'>Quae</span> <span class='ocrx_word' id='word_1_83' title='bbox 570 1634 658 1697; x_wconf 77' lang='lat' dir='ltr'>veria</span> <span class='ocrx_word' id='word_1_84' title='bbox 677 1632 774 1696; x_wconf 80' lang='lat' dir='ltr'>lectio</span> <span class='ocrx_word' id='word_1_85' title='bbox 794 1631 838 1694; x_wconf 82' lang='grc' dir='ltr'>ῶτ</span> <span class='ocrx_word' id='word_1_86' title='bbox 856 1635 888 1693; x_wconf 79' lang='lat' dir='ltr'>et</span> <span class='ocrx_word' id='word_1_87' title='bbox 944 1630 972 1692; x_wconf 89' lang='lat' dir='ltr'>V</span> <span class='ocrx_word' id='word_1_88' title='bbox 993 1631 1049 1696; x_wconf 84' lang='grc' dir='ltr'>οὓε</span> <span class='ocrx_word' id='word_1_89' title='bbox 1078 1632 1217 1714; x_wconf 61' lang='grc' dir='ltr'>οκλιίδοδ</span> <span class='ocrx_word' id='word_1_90' title='bbox 1246 1633 1375 1715; x_wconf 80' lang='lat' dir='ltr'>aliisque</span> <span class='ocrx_word' id='word_1_91' title='bbox 1394 1631 1451 1694; x_wconf 83' lang='lat' dir='ltr'>loeis</span> 
     </span>
     <span class='ocr_line' id='line_1_14' title="bbox 461 1733 1315 1816; baseline -0.005 -14"><span class='ocrx_word' id='word_1_92' title='bbox 461 1738 517 1803; x_wconf 78' lang='lat' dir='ltr'>ode</span> <span class='ocrx_word' id='word_1_93' title='bbox 533 1738 618 1800; x_wconf 80' lang='lat' dir='ltr'>inter</span> <span class='ocrx_word' id='word_1_94' title='bbox 634 1755 669 1800; x_wconf 86' lang='lat' dir='ltr'>se</span> <span class='ocrx_word' id='word_1_95' title='bbox 684 1733 888 1799; x_wconf 77' lang='lat' dir='ltr'>commutatis</span> <span class='ocrx_word' id='word_1_96' title='bbox 942 1737 1138 1816; x_wconf 70' lang='lat' dir='ltr'>permutatas</span> <span class='ocrx_word' id='word_1_97' title='bbox 1161 1736 1315 1800; x_wconf 79' lang='lat' dir='ltr'><strong>invenias,</strong></span> 
     </span>
     <span class='ocr_line' id='line_1_15' title="bbox 461 1838 744 1924; baseline -0.007 -20"><span class='ocrx_word' id='word_1_98' title='bbox 461 1842 618 1924; x_wconf 85' lang='lat' dir='ltr'>originem</span> <span class='ocrx_word' id='word_1_99' title='bbox 641 1838 744 1903; x_wconf 87' lang='lat' dir='ltr'>debet.</span> 
     </span>
    </p>
   </div>
   <div class='ocr_carea' id='block_1_8' title="bbox 861 1947 1065 2027">
    <p class='ocr_par' dir='ltr' id='par_1_9' title="bbox 861 1947 1065 2027">
     <span class='ocr_line' id='line_1_16' title="bbox 861 1947 1065 2027; baseline 0.005 -1"><span class='ocrx_word' id='word_1_100' title='bbox 861 1965 968 2027; x_wconf 82' lang='lat' dir='ltr'>Pluti:</span> <span class='ocrx_word' id='word_1_101' title='bbox 1064 1947 1065 1950; x_wconf 8' lang='grc' dir='ltr'><strong>Ἴ</strong></span> 
     </span>
    </p>
   </div>
   <div class='ocr_carea' id='block_1_9' title="bbox 415 2081 1286 2161">
    <p class='ocr_par' dir='ltr' id='par_1_10' title="bbox 415 2081 1286 2161">
     <span class='ocr_line' id='line_1_17' title="bbox 415 2081 1286 2161; baseline -0.005 -13"><span class='ocrx_word' id='word_1_102' title='bbox 415 2088 436 2148; x_wconf 83' lang='grc'>4</span> <span class='ocrx_word' id='word_1_103' title='bbox 459 2088 572 2149; x_wconf 75' lang='grc' dir='ltr'>ταῦταε</span> <span class='ocrx_word' id='word_1_104' title='bbox 587 2081 887 2161; x_wconf 81' lang='grc' dir='ltr'>οἱγράφοντετταά-</span> <span class='ocrx_word' id='word_1_105' title='bbox 1140 2084 1240 2146; x_wconf 86' lang='grc' dir='ltr'>ταῦτα</span> <span class='ocrx_word' id='word_1_106' title='bbox 1262 2101 1286 2144; x_wconf 89' lang='lat' dir='ltr'>r.</span> 
     </span>
    </p>
   </div>
   <div class='ocr_carea' id='block_1_10' title="bbox 459 2185 888 2664">
    <p class='ocr_par' dir='ltr' id='par_1_11' title="bbox 459 2185 888 2664">
     <span class='ocr_line' id='line_1_18' title="bbox 460 2185 887 2263; baseline -0.016 -11"><span class='ocrx_word' id='word_1_107' title='bbox 460 2189 499 2252; x_wconf 88' lang='grc' dir='ltr'>τὰ</span> <span class='ocrx_word' id='word_1_108' title='bbox 516 2188 556 2252; x_wconf 89' lang='grc' dir='ltr'>οὐ</span> <span class='ocrx_word' id='word_1_109' title='bbox 573 2189 676 2250; x_wconf 70' lang='grc' dir='ltr'>καλῶς</span> <span class='ocrx_word' id='word_1_110' title='bbox 693 2185 887 2263; x_wconf 88' lang='grc' dir='ltr'>γράφουειν·</span> 
     </span>
     <span class='ocr_line' id='line_1_19' title="bbox 461 2288 888 2371; baseline -0.014 -15"><span class='ocrx_word' id='word_1_111' title='bbox 461 2291 588 2371; x_wconf 82' lang='grc' dir='ltr'>εὓρηται</span> <span class='ocrx_word' id='word_1_112' title='bbox 615 2291 676 2366; x_wconf 88' lang='grc' dir='ltr'>γὰρ</span> <span class='ocrx_word' id='word_1_113' title='bbox 701 2288 736 2350; x_wconf 85' lang='grc' dir='ltr'>ἐν</span> <span class='ocrx_word' id='word_1_114' title='bbox 759 2289 888 2350; x_wconf 86' lang='grc' dir='ltr'>πολλοῑε</span> 
     </span>
     <span class='ocr_line' id='line_1_20' title="bbox 459 2391 888 2467; baseline -0.012 -9"><span class='ocrx_word' id='word_1_115' title='bbox 459 2396 676 2458; x_wconf 88' lang='grc' dir='ltr'>τῶνπαλαιῶν</span> <span class='ocrx_word' id='word_1_116' title='bbox 684 2391 888 2467; x_wconf 75' lang='grc' dir='ltr'>ἀντιγράφων</span> 
     </span>
     <span class='ocr_line' id='line_1_21' title="bbox 459 2494 887 2576; baseline -0.019 -14"><span class='ocrx_word' id='word_1_117' title='bbox 459 2501 496 2562; x_wconf 93' lang='grc' dir='ltr'>τὸ</span> <span class='ocrx_word' id='word_1_118' title='bbox 505 2501 612 2576; x_wconf 82' lang='grc' dir='ltr'>ταῦτα,</span> <span class='ocrx_word' id='word_1_119' title='bbox 622 2494 737 2558; x_wconf 79' lang='grc' dir='ltr'>καὶέσι</span> <span class='ocrx_word' id='word_1_120' title='bbox 747 2495 887 2569; x_wconf 86' lang='grc' dir='ltr'>κρεῖττον</span> 
     </span>
     <span class='ocr_line' id='line_1_22' title="bbox 461 2596 792 2664; baseline -0.024 -2"><span class='ocrx_word' id='word_1_121' title='bbox 461 2601 581 2664; x_wconf 86' lang='grc' dir='ltr'>ἐκείνου</span> <span class='ocrx_word' id='word_1_122' title='bbox 606 2596 704 2661; x_wconf 89' lang='lat' dir='ltr'>sohol.</span> <span class='ocrx_word' id='word_1_123' title='bbox 728 2612 792 2656; x_wconf 89' lang='lat' dir='ltr'>rec.</span> 
     </span>
    </p>
   </div>
   <div class='ocr_carea' id='block_1_11' title="bbox 394 2693 1450 2781">
    <p class='ocr_par' dir='ltr' id='par_1_12' title="bbox 394 2693 1450 2781">
     <span class='ocr_line' id='line_1_23' title="bbox 394 2693 1450 2781; baseline -0.011 -14"><span class='ocrx_word' id='word_1_124' title='bbox 394 2705 435 2766; x_wconf 89' lang='grc'>39</span> <span class='ocrx_word' id='word_1_125' title='bbox 460 2703 660 2781; x_wconf 86' lang='grc' dir='ltr'>ττεμμάτων;</span> <span class='ocrx_word' id='word_1_126' title='bbox 681 2702 762 2762; x_wconf 82' lang='grc' dir='ltr'>τινὲε</span> <span class='ocrx_word' id='word_1_127' title='bbox 783 2699 887 2761; x_wconf 79' lang='grc' dir='ltr'>δὲκαὶ</span> <span class='ocrx_word' id='word_1_128' title='bbox 942 2700 1124 2776; x_wconf 88' lang='grc' dir='ltr'>ετεμμάτων</span> <span class='ocrx_word' id='word_1_129' title='bbox 1136 2719 1160 2761; x_wconf 90' lang='lat' dir='ltr'>r.</span> <span class='ocrx_word' id='word_1_130' title='bbox 1184 2697 1349 2763; x_wconf 81' lang='lat' dir='ltr'>Lectiones</span> <span class='ocrx_word' id='word_1_131' title='bbox 1360 2693 1450 2772; x_wconf 71' lang='lat' dir='ltr'>Octod-</span> 
     </span>
    </p>
   </div>
   <div class='ocr_carea' id='block_1_12' title="bbox 459 2796 1451 3075">
    <p class='ocr_par' dir='ltr' id='par_1_13' title="bbox 459 2796 1451 3075">
     <span class='ocr_line' id='line_1_24' title="bbox 461 2796 1451 2884; baseline -0.011 -14"><span class='ocrx_word' id='word_1_132' title='bbox 461 2807 637 2884; x_wconf 88' lang='grc' dir='ltr'>θετφάτων.</span> <span class='ocrx_word' id='word_1_133' title='bbox 656 2804 790 2866; x_wconf 81' lang='grc' dir='ltr'>Ἀλλωε·</span> <span class='ocrx_word' id='word_1_134' title='bbox 813 2801 888 2880; x_wconf 89' lang='grc' dir='ltr'>γρά-</span> <span class='ocrx_word' id='word_1_135' title='bbox 940 2821 1007 2864; x_wconf 87' lang='grc' dir='ltr'>τῶν</span> <span class='ocrx_word' id='word_1_136' title='bbox 1036 2805 1068 2864; x_wconf 85' lang='lat' dir='ltr'>et</span> <span class='ocrx_word' id='word_1_137' title='bbox 1094 2803 1277 2879; x_wconf 80' lang='grc' dir='ltr'>(κερμάτων</span> <span class='ocrx_word' id='word_1_138' title='bbox 1300 2796 1451 2884; x_wconf 76' lang='lat' dir='ltr'>grammati·</span> 
     </span>
     <span class='ocr_line' id='line_1_25' title="bbox 460 2903 1418 2988; baseline -0.009 -17"><span class='ocrx_word' id='word_1_139' title='bbox 460 2928 551 2988; x_wconf 88' lang='grc' dir='ltr'>φεται</span> <span class='ocrx_word' id='word_1_140' title='bbox 567 2906 693 2988; x_wconf 74' lang='grc' dir='ltr'>(γράφει</span> <span class='ocrx_word' id='word_1_141' title='bbox 702 2905 742 2987; x_wconf 83' lang='lat' dir='ltr'>V)</span> <span class='ocrx_word' id='word_1_142' title='bbox 755 2905 887 2984; x_wconf 87' lang='grc' dir='ltr'>εκεμμά-</span> <span class='ocrx_word' id='word_1_143' title='bbox 942 2923 1051 2967; x_wconf 86' lang='lat' dir='ltr'>corum</span> <span class='ocrx_word' id='word_1_144' title='bbox 1077 2903 1255 2966; x_wconf 81' lang='lat' dir='ltr'>doctrinam</span> <span class='ocrx_word' id='word_1_145' title='bbox 1280 2903 1418 2968; x_wconf 73' lang='lat' dir='ltr'>redolent</span> 
     </span>
     <span class='ocr_line' id='line_1_26' title="bbox 459 3007 778 3075; baseline -0.019 0"><span class='ocrx_word' id='word_1_146' title='bbox 459 3032 525 3075; x_wconf 89' lang='grc' dir='ltr'>των</span> <span class='ocrx_word' id='word_1_147' title='bbox 549 3009 646 3074; x_wconf 83' lang='lat' dir='ltr'>schol.</span> <span class='ocrx_word' id='word_1_148' title='bbox 659 3009 690 3070; x_wconf 89' lang='lat' dir='ltr'><strong>V</strong></span> <span class='ocrx_word' id='word_1_149' title='bbox 705 3007 778 3072; x_wconf 86' lang='lat' dir='ltr'>Aid.</span> 
     </span>
    </p>
   </div>
   <div class='ocr_carea' id='block_1_13' title="bbox 393 3110 1231 3188">
    <p class='ocr_par' dir='ltr' id='par_1_14' title="bbox 393 3110 1231 3188">
     <span class='ocr_line' id='line_1_27' title="bbox 393 3110 1231 3188; baseline -0.004 -12"><span class='ocrx_word' id='word_1_150' title='bbox 393 3114 433 3176; x_wconf 77' lang='lat'>77</span> <span class='ocrx_word' id='word_1_151' title='bbox 459 3113 513 3188; x_wconf 74' lang='grc' dir='ltr'>ἧκε</span> <span class='ocrx_word' id='word_1_152' title='bbox 526 3116 606 3177; x_wconf 81' lang='grc' dir='ltr'>τινὲτ</span> <span class='ocrx_word' id='word_1_153' title='bbox 620 3111 697 3176; x_wconf 82' lang='grc' dir='ltr'>ἄνευ</span> <span class='ocrx_word' id='word_1_154' title='bbox 708 3115 767 3175; x_wconf 88' lang='grc' dir='ltr'>τοῦ</span> <span class='ocrx_word' id='word_1_155' title='bbox 778 3110 798 3176; x_wconf 72' lang='grc' dir='ltr'>ν</span> <span class='ocrx_word' id='word_1_156' title='bbox 809 3111 885 3174; x_wconf 86' lang='grc' dir='ltr'>αὐτὸ</span> <span class='ocrx_word' id='word_1_157' title='bbox 1192 3111 1231 3187; x_wconf 85' lang='grc' dir='ltr'>ἠν</span> 
     </span>
    </p>
   </div>
   <div class='ocr_carea' id='block_1_14' title="bbox 459 3215 887 3383">
    <p class='ocr_par' dir='ltr' id='par_1_15' title="bbox 459 3215 887 3383">
     <span class='ocr_line' id='line_1_28' title="bbox 459 3215 887 3294; baseline -0.002 -15"><span class='ocrx_word' id='word_1_158' title='bbox 459 3215 887 3294; x_wconf 74' lang='grc' dir='ltr'>γράφουειτὸῆμάνονάφι-</span> 
     </span>
     <span class='ocr_line' id='line_1_29' title="bbox 459 3316 886 3383; baseline -0.009 0"><span class='ocrx_word' id='word_1_159' title='bbox 459 3321 544 3383; x_wconf 84' lang='grc' dir='ltr'>ἑντεε</span> <span class='ocrx_word' id='word_1_160' title='bbox 569 3318 666 3382; x_wconf 88' lang='lat' dir='ltr'>schol.</span> <span class='ocrx_word' id='word_1_161' title='bbox 681 3319 711 3378; x_wconf 90' lang='lat' dir='ltr'><strong>V</strong></span> <span class='ocrx_word' id='word_1_162' title='bbox 726 3337 750 3380; x_wconf 84' lang='lat' dir='ltr'>r.</span> <span class='ocrx_word' id='word_1_163' title='bbox 775 3316 821 3381; x_wconf 83' lang='lat' dir='ltr'>cf.</span> <span class='ocrx_word' id='word_1_164' title='bbox 845 3316 886 3380; x_wconf 83' lang='lat' dir='ltr'>ad</span> 
     </span>
    </p>
   </div>
   <div class='ocr_carea' id='block_1_15' title="bbox 332 3421 789 3505">
    <p class='ocr_par' dir='ltr' id='par_1_16' title="bbox 332 3421 789 3505">
     <span class='ocr_line' id='line_1_30' title="bbox 332 3421 789 3505; baseline -0.002 -22"><span class='ocrx_word' id='word_1_165' title='bbox 332 3441 336 3450; x_wconf 93' lang='lat'><em>·</em></span> <span class='ocrx_word' id='word_1_166' title='bbox 455 3442 483 3485; x_wconf 88' lang='lat' dir='ltr'>v.</span> <span class='ocrx_word' id='word_1_167' title='bbox 508 3442 537 3505; x_wconf 93' lang='lat' dir='ltr'>p.</span> <span class='ocrx_word' id='word_1_168' title='bbox 555 3425 594 3484; x_wconf 76' lang='lat'>77</span> <span class='ocrx_word' id='word_1_169' title='bbox 622 3421 789 3504; x_wconf 83' lang='lat' dir='ltr'>prolatum.</span> 
     </span>
    </p>
   </div>
   <div class='ocr_carea' id='block_1_16' title="bbox 370 3521 1460 3603">
    <p class='ocr_par' dir='ltr' id='par_1_17' title="bbox 370 3521 1460 3603">
     <span class='ocr_line' id='line_1_31' title="bbox 370 3521 1460 3603; baseline -0.009 -16"><span class='ocrx_word' id='word_1_170' title='bbox 370 3525 435 3587; x_wconf 83' lang='lat'>266</span> <span class='ocrx_word' id='word_1_171' title='bbox 460 3529 623 3601; x_wconf 87' lang='grc' dir='ltr'>μυδῶντα;</span> <span class='ocrx_word' id='word_1_172' title='bbox 655 3524 808 3603; x_wconf 86' lang='grc' dir='ltr'>γράφεται</span> <span class='ocrx_word' id='word_1_173' title='bbox 838 3525 886 3587; x_wconf 88' lang='grc' dir='ltr'>καὶ</span> <span class='ocrx_word' id='word_1_174' title='bbox 941 3527 1091 3602; x_wconf 86' lang='grc' dir='ltr'>μαδῶντα</span> <span class='ocrx_word' id='word_1_175' title='bbox 1113 3541 1138 3585; x_wconf 89' lang='lat' dir='ltr'>r.</span> <span class='ocrx_word' id='word_1_176' title='bbox 1173 3521 1258 3584; x_wconf 85' lang='lat' dir='ltr'>lllud</span> <span class='ocrx_word' id='word_1_177' title='bbox 1288 3526 1460 3599; x_wconf 83' lang='grc' dir='ltr'>μυδῶνταο</span> 
     </span>
    </p>
   </div>
   <div class='ocr_carea' id='block_1_17' title="bbox 457 3617 1461 4207">
    <p class='ocr_par' dir='ltr' id='par_1_18' title="bbox 458 3617 1461 3910">
     <span class='ocr_line' id='line_1_32' title="bbox 459 3617 1461 3708; baseline -0.006 -16"><span class='ocrx_word' id='word_1_178' title='bbox 459 3633 609 3705; x_wconf 89' lang='grc' dir='ltr'>μυδῶντα</span> <span class='ocrx_word' id='word_1_179' title='bbox 643 3629 692 3690; x_wconf 88' lang='grc' dir='ltr'>καὶ</span> <span class='ocrx_word' id='word_1_180' title='bbox 727 3631 885 3704; x_wconf 83' lang='grc' dir='ltr'>μαδῶντα.</span> <span class='ocrx_word' id='word_1_181' title='bbox 940 3625 1133 3708; x_wconf 77' lang='lat' dir='ltr'>glossemate</span> <span class='ocrx_word' id='word_1_182' title='bbox 1167 3625 1368 3707; x_wconf 65' lang='lat' dir='ltr'>praecedenti</span> <span class='ocrx_word' id='word_1_183' title='bbox 1401 3617 1461 3682; x_wconf 75' lang='lat' dir='ltr'>voci</span> 
     </span>
     <span class='ocr_line' id='line_1_33' title="bbox 459 3721 1461 3810; baseline -0.008 -16"><span class='ocrx_word' id='word_1_184' title='bbox 459 3734 508 3795; x_wconf 93' lang='grc' dir='ltr'>καὶ</span> <span class='ocrx_word' id='word_1_185' title='bbox 544 3734 691 3807; x_wconf 89' lang='grc' dir='ltr'>μυδῶντα</span> <span class='ocrx_word' id='word_1_186' title='bbox 726 3731 784 3806; x_wconf 82' lang='grc' dir='ltr'>μὲν</span> <span class='ocrx_word' id='word_1_187' title='bbox 818 3729 887 3793; x_wconf 86' lang='grc' dir='ltr'>ἀντὶ</span> <span class='ocrx_word' id='word_1_188' title='bbox 942 3728 1091 3807; x_wconf 81' lang='grc' dir='ltr'>ῥυπῶντα</span> <span class='ocrx_word' id='word_1_189' title='bbox 1120 3727 1280 3810; x_wconf 78' lang='lat' dir='ltr'>ndscn&#39;pto</span> <span class='ocrx_word' id='word_1_190' title='bbox 1305 3731 1404 3791; x_wconf 86' lang='lat' dir='ltr'>ortum</span> <span class='ocrx_word' id='word_1_191' title='bbox 1423 3721 1461 3781; x_wconf 64' lang='lat' dir='ltr'>ii-</span> 
     </span>
     <span class='ocr_line' id='line_1_34' title="bbox 458 3829 1043 3910; baseline -0.01 -12"><span class='ocrx_word' id='word_1_192' title='bbox 458 3837 517 3898; x_wconf 86' lang='grc' dir='ltr'>τοῦ</span> <span class='ocrx_word' id='word_1_193' title='bbox 569 3834 695 3910; x_wconf 87' lang='grc' dir='ltr'>δυεῶδη</span> <span class='ocrx_word' id='word_1_194' title='bbox 747 3831 887 3910; x_wconf 88' lang='grc' dir='ltr'>ἀποπὲμ-</span> <span class='ocrx_word' id='word_1_195' title='bbox 941 3829 1043 3894; x_wconf 84' lang='lat' dir='ltr'>detur.</span> 
     </span>
    </p>

    <p class='ocr_par' dir='ltr' id='par_1_19' title="bbox 458 3935 887 4012">
     <span class='ocr_line' id='line_1_35' title="bbox 458 3935 887 4012; baseline -0.007 -12"><span class='ocrx_word' id='word_1_196' title='bbox 458 3957 575 4000; x_wconf 93' lang='grc' dir='ltr'>ποντα·</span> <span class='ocrx_word' id='word_1_197' title='bbox 596 3938 745 4012; x_wconf 89' lang='grc' dir='ltr'>μαδῶντα</span> <span class='ocrx_word' id='word_1_198' title='bbox 764 3937 800 3997; x_wconf 83' lang='grc' dir='ltr'>δὲ</span> <span class='ocrx_word' id='word_1_199' title='bbox 820 3935 887 3998; x_wconf 89' lang='grc' dir='ltr'>ἀντὶ</span> 
     </span>
    </p>

    <p class='ocr_par' dir='ltr' id='par_1_20' title="bbox 457 4036 887 4116">
     <span class='ocr_line' id='line_1_36' title="bbox 457 4036 887 4116; baseline -0.012 -12"><span class='ocrx_word' id='word_1_200' title='bbox 457 4043 516 4103; x_wconf 84' lang='grc' dir='ltr'>τοῦ</span> <span class='ocrx_word' id='word_1_201' title='bbox 556 4039 658 4116; x_wconf 88' lang='grc' dir='ltr'>κόμην</span> <span class='ocrx_word' id='word_1_202' title='bbox 694 4039 735 4114; x_wconf 85' lang='grc' dir='ltr'>μή</span> <span class='ocrx_word' id='word_1_203' title='bbox 772 4036 887 4114; x_wconf 83' lang='grc' dir='ltr'>ἔχοντα</span> 
     </span>
    </p>

    <p class='ocr_par' dir='ltr' id='par_1_21' title="bbox 458 4138 824 4207">
     <span class='ocr_line' id='line_1_37' title="bbox 458 4138 824 4207; baseline -0.016 -1"><span class='ocrx_word' id='word_1_204' title='bbox 458 4143 556 4207; x_wconf 86' lang='lat' dir='ltr'>schol.</span> <span class='ocrx_word' id='word_1_205' title='bbox 580 4139 751 4204; x_wconf 81' lang='lat' dir='ltr'>reolum.</span> <span class='ocrx_word' id='word_1_206' title='bbox 775 4138 824 4203; x_wconf 86' lang='lat' dir='ltr'>ed.</span> 
     </span>
    </p>
   </div>
   <div class='ocr_carea' id='block_1_18' title="bbox 368 4233 1459 4324">
    <p class='ocr_par' dir='ltr' id='par_1_22' title="bbox 368 4233 1459 4324">
     <span class='ocr_line' id='line_1_38' title="bbox 368 4233 1459 4324; baseline -0.007 -15"><span class='ocrx_word' id='word_1_207' title='bbox 368 4248 434 4310; x_wconf 88' lang='grc'>456</span> <span class='ocrx_word' id='word_1_208' title='bbox 459 4249 615 4322; x_wconf 87' lang='grc' dir='ltr'>λοιδορεῑ;</span> <span class='ocrx_word' id='word_1_209' title='bbox 632 4246 713 4308; x_wconf 78' lang='grc' dir='ltr'>τινε(</span> <span class='ocrx_word' id='word_1_210' title='bbox 729 4244 885 4321; x_wconf 88' lang='grc' dir='ltr'>λοιδορεῑε</span> <span class='ocrx_word' id='word_1_211' title='bbox 941 4247 1081 4320; x_wconf 88' lang='grc' dir='ltr'>λοιδορεῖ</span> <span class='ocrx_word' id='word_1_212' title='bbox 1095 4245 1183 4324; x_wconf 84' lang='lat' dir='ltr'>(mut.</span> <span class='ocrx_word' id='word_1_213' title='bbox 1197 4243 1232 4305; x_wconf 91' lang='lat' dir='ltr'>in</span> <span class='ocrx_word' id='word_1_214' title='bbox 1249 4233 1459 4319; x_wconf 68' lang='lat' dir='ltr'>ioibopeitVV</span> 
     </span>
    </p>
   </div>
   <div class='ocr_carea' id='block_1_19' title="bbox 459 4336 1459 4530">
    <p class='ocr_par' dir='ltr' id='par_1_23' title="bbox 459 4336 1459 4530">
     <span class='ocr_line' id='line_1_39' title="bbox 459 4336 1459 4430; baseline -0.025 -6"><span class='ocrx_word' id='word_1_215' title='bbox 459 4351 597 4414; x_wconf 74' lang='grc' dir='ltr'>ἐνταῦθα</span> <span class='ocrx_word' id='word_1_216' title='bbox 637 4345 808 4426; x_wconf 75' lang='grc' dir='ltr'>ῖράφουτι,</span> <span class='ocrx_word' id='word_1_217' title='bbox 848 4345 885 4407; x_wconf 89' lang='grc' dir='ltr'>τὸ</span> <span class='ocrx_word' id='word_1_218' title='bbox 941 4345 1027 4410; x_wconf 80' lang='lat' dir='ltr'>Molo</span> <span class='ocrx_word' id='word_1_219' title='bbox 1044 4346 1322 4430; x_wconf 83' lang='lat' dir='ltr'>grammaticorum</span> <span class='ocrx_word' id='word_1_220' title='bbox 1341 4336 1459 4406; x_wconf 75' lang='lat' dir='ltr'>mutatio</span> 
     </span>
     <span class='ocr_line' id='line_1_40' title="bbox 459 4451 1177 4530; baseline -0.007 -15"><span class='ocrx_word' id='word_1_221' title='bbox 459 4453 531 4530; x_wconf 80' lang='grc' dir='ltr'>ἡμῖν</span> <span class='ocrx_word' id='word_1_222' title='bbox 565 4453 647 4530; x_wconf 85' lang='grc' dir='ltr'>πρὸε</span> <span class='ocrx_word' id='word_1_223' title='bbox 681 4451 719 4513; x_wconf 88' lang='grc' dir='ltr'>τὸ</span> <span class='ocrx_word' id='word_1_224' title='bbox 754 4452 885 4526; x_wconf 82' lang='grc' dir='ltr'>προεελ-</span> <span class='ocrx_word' id='word_1_225' title='bbox 940 4452 1096 4526; x_wconf 74' lang='grc' dir='ltr'>λοιδορεῖ(</span> <span class='ocrx_word' id='word_1_226' title='bbox 1121 4452 1177 4513; x_wconf 87' lang='lat' dir='ltr'>est.</span> 
     </span>
    </p>
   </div>
   <div class='ocr_carea' id='block_1_20' title="bbox 0 0 1534 5222">
    <p class='ocr_par' dir='ltr' id='par_1_24' title="bbox 0 0 1534 5222">
     <span class='ocr_line' id='line_1_41' title="bbox 0 0 1534 5222; baseline 0 2"><span class='ocrx_word' id='word_1_227' title='bbox 0 0 1534 5222; x_wconf 95' lang='lat' dir='ltr'> </span> 
     </span>
    </p>
   </div>
  </div>
 </body>
</html>
