3078 5228
166 496 217 551 Die
237 495 440 563 παρακλητικαλ
457 495 488 550 in
506 496 556 551 der
575 495 770 567 griechischen
788 511 814 550 n.
828 498 898 550 rom.
911 495 1059 551 Literetur.
1135 490 1175 551 57

61 669 165 747 όνδρεε
192 669 456 748 Πελαπαννήειοι,
485 667 548 732 ἀπὸ
574 670 631 746 μὲν
657 669 730 732 oioc
754 670 861 746 χώραε
889 669 1019 750 ἥκομεν,
1048 667 1095 732 ότι
1119 669 1177 733 αἰεὶ

62 773 161 835 διὰτὸ
182 771 328 850 εὔψυχον
348 770 516 850 ἐλευθέρα(
543 773 592 835 καὶ
613 770 660 835 ότι
683 771 813 850 Δωριῆε
837 772 963 850 μέλλετε
977 766 1061 836 Ἴωει
1085 771 1177 851 μάχε-

61 881 128 956 εθαι,
145 873 191 939 ὡν
207 875 341 940 εἰώθατε
361 875 518 952 κρείεεουε
533 870 619 956 εἶναι,
636 873 769 952 ἀρκείτω
783 875 926 953 βραχὲωε
943 876 1177 953 δεδηλωμένον.

62 978 220 1060 ν1,68,2
256 976 340 1042 ὅπου
370 978 432 1056 γὰρ
455 978 580 1056 Ἀργεῖαι
611 978 660 1041 καὶ
687 978 847 1056 Μαντινῆε
874 979 923 1042 καλ
943 973 1100 1055 Ἀθηναῖοι
1130 979 1179 1042 καὶ

62 1086 212 1160 νηαωτῶν
240 1083 270 1146 ol
297 1082 418 1160 πρῶτοί
442 1081 540 1163 ἐεμεν,
568 1085 637 1146 πῶς
666 1081 705 1145 οὐ
730 1082 789 1159 χρὴ
897 1083 956 1158 τήν
985 1080 1094 1146 ἐλπίδα
1121 1085 1177 1160 τῆε

63 1185 137 1261 νίκη(
154 1185 309 1263 μετέχειν;

142 1286 229 1350 Genu
253 1284 370 1351 andere
393 1286 542 1369 gestcltet
560 1286 629 1351 sich
646 1285 809 1350 naturlioh
824 1285 945 1351 wieder
963 1285 1108 1351 derselbe
1126 1289 1179 1352 τό-

61 1409 124 1471 ποι,
138 1409 232 1454 παρα
249 1389 309 1454 der
323 1390 483 1454 rbrnische
497 1388 652 1453 Feldherr
666 1389 755 1454 scine
770 1388 934 1472 Legionen
952 1409 992 1454 an
1009 1389 1061 1454 die
1074 1389 1179 1454 Grbsse

63 1491 151 1556 Roms
179 1493 334 1575 erinnem,
365 1493 422 1558 das
448 1513 488 1556 zu
517 1494 627 1577 siegen
656 1493 809 1576 gewobnt
829 1494 885 1557 sei.
924 1492 966 1558 So
990 1492 1182 1558 delrlamiert

63 1596 102 1658 irn
123 1595 343 1679 Iatinerlrrieg
369 1595 427 1660 der
453 1595 600 1660 Diltator
626 1596 811 1660 Postumius
844 1596 897 1661 bei
923 1595 1059 1678 Dionys,
1082 1597 1180 1662 ιλιαδ.

63 1697 112 1779 ll,
128 1700 156 1780 8,
172 1699 191 1762 2
208 1749 215 1762 .
233 1749 264 1763 ..
289 1699 369 1763 ἀλλὰ
391 1703 456 1764 τοῑτ
477 1702 533 1777 μὲν
552 1697 659 1764 ἄλλοι(
677 1701 814 1779 φοβεραὶ
833 1703 991 1764 διετελεῖτε
1011 1698 1108 1782 όντεε,
1134 1699 1181 1766 ὼν

62 1801 204 1878 ἐκρατεῖτε
222 1804 402 1884 μαχόμεναι,
421 1802 563 1868 Λατῖνοι(
583 1805 619 1868 δὲ
638 1802 700 1881 ἄρα
715 1805 840 1868 τούτοιε
858 1805 907 1867 καὶ
925 1807 990 1867 coit
1010 1803 1180 1881 ευμμόχοιτ

62 1905 159 1969 αὐτῶν
177 1905 389 1970 Οὐολοότκαιε
413 1905 692 1988 εὐκαταφρόνητοι,
712 1907 818 1969 διὰτὸ
842 1908 882 1985 μὴ
900 1906 1086 1985 πειραθῆναί
1103 1926 1182 1971 ποτε

64 2008 171 2072 αὐτοὺ(
182 2012 239 2086 τῆε
256 2009 407 2087 όμετέρατ
423 2009 538 2087 μάχηε;
556 2007 635 2073 ἀλλὰ
650 2009 765 2074 πάντεε
780 2008 842 2074 iere
858 2007 904 2072 ὅτι
915 2011 1002 2072 ταῦτ’
1015 2009 1182 2089 ἀμφότερα

62 2113 97 2172 τό
110 2110 180 2189 ἔθνη
193 2113 324 2175 παλλαῖτ
336 2112 449 2177 ἐνίκων
461 2113 573 2190 μάχαι(
587 2112 616 2175 ol
631 2113 764 2191 ratioet
779 2113 878 2190 ἡμῶν.
902 2110 1079 2176 Derselben
1096 2112 1181 2176 alten

63 2211 126 2276 Zeit
136 2214 278 2277 erinnert
288 2213 359 2278 sich
374 2213 526 2279 Ammien
539 2215 574 2277 in
586 2214 644 2278 der
655 2213 909 2279 Feldherrnrede
918 2214 939 2279 J
942 2215 1046 2278 ulians
1056 2214 1183 2296 XXIII,

66 2317 91 2396 5,
110 2317 149 2380 20
176 2366 240 2380 ...
269 2315 397 2381 devicte
424 2320 473 2381 est
495 2317 647 2401 perplexo
676 2319 708 2381 et
735 2316 860 2382 diutino
888 2317 991 2382 Marte
1016 2317 1182 2401 Carthago,

64 2417 116 2482 sed
138 2439 207 2484 eam
227 2419 295 2483 dux
313 2420 445 2484 inclitus
467 2420 577 2484 timuit
599 2439 769 2503 superesse
790 2420 951 2485 victoriae.
976 2421 1092 2486 evertit
1108 2421 1183 2484 fun·

65 2519 143 2586 ditiis
174 2523 383 2587 Numantiam
413 2522 521 2608 Scipio
553 2527 625 2607 post
654 2523 850 2607 multiplices
880 2542 975 2588 cesus
1006 2522 1184 2588 obsidionis

64 2643 210 2690 emensos.
241 2625 388 2708 Fidenae,
411 2646 454 2691 ne
476 2627 612 2710 imperio
636 2625 882 2691 subcrescerent
905 2627 1060 2709 aemula-e,
1083 2627 1184 2692 Rome

63 2727 220 2812 subvertit,
240 2733 274 2794 et
293 2729 435 2794 Faliscos
457 2730 501 2794 ita
522 2731 681 2814 oppressit
704 2736 736 2794 et
751 2730 860 2812 Veios,
880 2734 916 2793 ut
934 2730 1071 2795 suadere
1090 2730 1183 2795 nobis

65 2829 179 2896 laboret
208 2836 489 2897 monumentorum
512 2835 658 2897 veterum
681 2832 779 2914 fides,
807 2835 844 2897 ut
872 2833 929 2897 bas
958 2834 1104 2898 civitates
1128 2833 1185 2897 eli-

64 2934 183 3015 quando
207 2936 349 3000 valuisse
373 2936 550 3001 credamne.
575 2935 662 3000 (lass.
678 2936 740 3001 Dio
760 2935 861 3019 net,
879 2938 898 3000 3
983 2936 1112 3003 ἀνάξιον
1128 2940 1185 3014 μὲν

65 3042 125 3102 τῶν
142 3040 288 3117 πατέρων
305 3041 395 3118 ἡμῶν
409 3044 475 3104 τῶν
490 3042 548 3105 τδν
564 3041 706 3122 Πύρρον,
725 3041 782 3104 τὸν
799 3040 964 3120 Φίλιππον,
979 3041 1037 3103 τὸν
1052 3041 1183 3121 Περεὲα,

63 3141 114 3204 τὸν
125 3140 283 3221 Ἀντίοχον
299 3142 507 3224 καθελόντων,
525 3147 591 3208 τῶν
602 3145 676 3208 τοὺ(
690 3144 913 3225 Νουμαντίουε,
930 3144 1006 3208 τοδε
1024 3143 1185 3222 Καρχηδο-

64 3244 143 3309 νίου(
158 3245 408 3327 ἀναετηεόντων,
427 3250 492 3310 τῶν
510 3248 586 3312 τοδε
608 3247 770 3328 Κίμβρουε,
790 3248 865 3310 τοδε
882 3246 1069 3325 Ἀμβρωναε
1093 3267 1186 3310 κατα-

65 3348 237 3430 καψάντων,
245 3347 376 3413 ἀνάξιον
384 3350 573 3427 δὲκαὶὴμῶν
582 3349 763 3414 αὐτῶντῶν
772 3351 847 3414 robe
855 3348 992 3414 Γόλαταε
1000 3369 1185 3426 κατεετραμ-

66 3452 171 3535 μένων,
186 3459 252 3518 τῶν
263 3453 549 3518 τοὺτΠαννονίουε
562 3455 808 3535 κεχειρωμένων,
818 3457 885 3518 τῶν
897 3454 986 3532 μέχρι
998 3452 1185 3529 ταῦἼετρου

63 3556 362 3638 προκεχωρηκότων,
384 3557 441 3620 τὸν
459 3556 573 3634 Ῥῆνον
595 3555 839 3637 διαβεβηκότων,
867 3557 900 3621 tc
919 3556 1111 3634 Βρεταννίαν
1131 3575 1186 3619 πε-

65 3661 293 3737 περαιωμένων.
333 3657 393 3723 Die
412 3657 677 3742 Siegestradition
697 3659 796 3723 Roms
819 3658 901 3723 iiber
920 3658 1077 3742 Carthago
1096 3658 1187 3722 fiilirt

66 3756 95 3822 P.
107 3761 212 3846 Scipio
232 3763 310 3844 (210
326 3781 355 3826 ν.
367 3761 453 3848 Ολτ.)
472 3761 525 3826 bei
540 3761 654 3826 Iivius
669 3761 763 3843 XXI,
779 3762 832 3843 41,
846 3763 922 3825 6-11
945 3780 1020 3825 aus:
1045 3761 1187 3845 experiri

65 3860 153 3946 iuret,
175 3868 287 3929 unum
305 3865 385 3929 elios
408 3869 540 3948 repente
561 3864 841 3948 Carthaginienses
864 3883 923 3948 per
945 3864 1061 3948 viginti
1084 3883 1186 3928 annos

68 3969 144 4031 terra
161 3967 307 4050 ediderit,
327 3988 368 4032 an
386 3966 473 4032 idem
494 3967 567 4049 sint,
591 3968 647 4050 qui
673 3966 714 4032 cd
736 3969 876 4050 Aegates
894 3972 1121 4052 pugnaverunt
1138 3967 1188 4030 in·

66 4069 161 4153 sulas,
192 4073 225 4136 et
255 4091 336 4154 quos
367 4069 408 4134 ab
438 4070 545 4153 llryoe
576 4068 807 4134 duodevicenis
835 4069 976 4135 denariis
1003 4069 1187 4134 aestimatos

65 4173 215 4256 emisistis,
240 4180 274 4239 et
300 4177 411 4238 utrum
433 4173 598 4238 Hannibal
622 4174 674 4238 bic
700 4175 742 4237 sit
764 4175 910 4238 aemulus
928 4173 1082 4237 itinerum
1104 4171 1188 4237 Her·

65 4275 153 4358 culis,
179 4281 218 4342 nt
240 4277 310 4362 ipse
331 4277 408 4360 fert,
437 4298 478 4342 an
500 4276 668 4360 vectigalis
692 4276 985 4360 stipendiariusque
1014 4278 1046 4340 et
1073 4294 1194 4340 servus·

66 4380 168 4463 populi
190 4380 328 4446 Romani
352 4402 371 4445 a
396 4383 487 4464 patre
509 4381 651 4446 relictus
