3184 5234
757 487 872 543 Victor
891 485 1034 553 Coulon,

1175 656 1206 717 V

923 762 1087 841 Νεφέλαιε.
1125 761 1154 824 οἱ
1189 758 1219 822 δ’
1245 757 1359 822 οἰκέται
1390 758 1462 837 ῥέγ-

921 885 1027 930 κουειν
1052 869 1084 929 et
1101 863 1201 928 Moer.
1217 882 1247 945 p.
1264 861 1329 924 338
1350 861 1461 941 Mutet,

921 967 970 1030 ἐπὶ
988 971 1054 1031 τῶν
1075 966 1289 1046 κοιμωμένων,
1310 964 1459 1028 Ἀττικιῖια

922 1069 1032 1150 ῥέγχει,
1048 1071 1242 1148 Ἑλληνικῶα

353 1179 415 1241 182
440 1177 554 1255 ῖεχύειν
577 1195 649 1241 oum
669 1174 705 1238 M
1022 1171 1154 1251 ἰεχὺεειν
1177 1189 1250 1235 cum
1275 1169 1363 1254 Ast

353 1282 416 1344 196
440 1283 551 1358 εοφῶε
574 1297 648 1342 cum
668 1277 702 1341 M
1033 1279 1143 1355 εαφιῖιε
1166 1294 1241 1339 oum
1264 1275 1351 1358 A††

351 1384 414 1446 211
440 1381 575 1447 αἰκάλλει
600 1401 673 1446 eum
697 1381 732 1445 M
954 1377 1068 1444 ’καλιεῑ
1090 1378 1148 1460 (sic
1160 1376 1199 1456 V,
1223 1381 1311 1442 καλεῖ
1326 1377 1422 1461 Αλῇ

351 1487 415 1550 356
440 1486 502 1560 ἐγὼ
527 1485 556 1549 δ’
577 1505 651 1550 cum
674 1483 709 1548 M
732 1487 780 1567 (δὲ
794 1484 866 1567 A)†
1102 1481 1165 1556 ἐγὼ
1190 1481 1226 1543 δέ
1248 1480 1278 1553 γ’

350 1591 413 1652 357
440 1591 572 1653 ἐπιπιὼν
1029 1583 1146 1648 ἐκπιὼν
1162 1603 1237 1647 oum
1253 1582 1351 1666 MA†

350 1693 415 1756 408
440 1691 633 1770 ῖηπαιωνίεαι
657 1709 680 1753 r.
921 1687 950 1764 ἰὴ
973 1689 1077 1752 παιὼν
1105 1687 1173 1769 ᾄεαι
1202 1706 1276 1750 cum
1306 1687 1340 1750 M
1365 1691 1397 1751 et
1419 1691 1460 1769 A,

425 1807 446 1859 1
921 1789 978 1872 qui
1001 1790 1114 1855 παιών’
1130 1789 1279 1874 praebet3
1304 1789 1345 1873 gl.

349 1899 413 1962 580
437 1892 866 1978 φθονεῑεθῚΒᾹλοαιαΜῇ
1046 1893 1189 1975 φθονεῖθ’
1206 1912 1280 1957 oum
1304 1895 1335 1957 A

351 2003 415 2066 580
440 2005 575 2079 κομῶειν
599 2019 673 2064 ααιιτ
696 1997 761 2080 M†
1055 2001 1173 2075 κομῶει
1197 2015 1271 2060 oum
1294 1997 1323 2060 A

352 2104 415 2167 680
440 2100 742 2180 ὑπεμεπυππάζοντά
768 2099 865 2184 μεῇ
919 2099 1185 2178 ὑπερεπύππαζόν
1196 2100 1229 2162 τέ
1246 2119 1284 2176 με
1301 2119 1377 2163 eum
1392 2097 1461 2162 MA

919 2224 944 2267 r.
964 2203 1013 2268 De
1035 2202 1097 2266 hoo
1120 2202 1217 2267 verbo
1241 2201 1280 2265 of.
1298 2201 1334 2265 B.
1352 2203 1391 2264 A.
1406 2202 1459 2282 69,

921 2308 937 2370 7
959 2306 1215 2384 ὑπεμπυππάζειν
1233 2326 1240 2367 :
1257 2305 1460 2383 ὑπερθαυμά-

920 2415 991 2491 ζειν,
1000 2409 1226 2489 ἐκπλήττεεθαι,
1234 2407 1323 2486 παρὰ
1331 2408 1368 2470 τὸ
1377 2408 1460 2471 πύπ-

919 2518 988 2594 παξ,
1008 2511 1027 2575 ὅ
1047 2513 1125 2575 ἐςτιν
1150 2511 1301 2589 ἐπίρρημα
1320 2515 1461 2588 θαυμαε-

920 2637 990 2694 μου.

351 2721 414 2784 756
439 2723 499 2785 νῦν
523 2723 571 2783 δεῖ
589 2719 640 2799 (δῆ
656 2717 696 2799 R)
713 2739 745 2782 εε
761 2719 863 2782 πάνια
920 2722 979 2783 νῦν
992 2719 1031 2796 δή
1046 2737 1078 2782 ce
1090 2717 1193 2780 πάνια
1205 2719 1253 2779 δεῖ
1262 2735 1286 2778 r.
1298 2715 1345 2780 cf.
1356 2715 1389 2779 Z.
1400 2717 1457 2780 Ar.

439 2825 479 2900 δή
504 2842 580 2886 cum
602 2821 667 2886 MA
919 2821 963 2887 St.
979 2841 1008 2904 p.
1023 2822 1095 2885 120.

350 2928 412 2990 761
438 2926 636 3004 προεικὲεθαι
664 2926 803 3006 (-ικεεθαί
825 2923 864 3007 R)
918 2924 1099 3002 προκεῖεθαί
1127 2942 1174 2986 col
1203 2941 1278 2986 oum
1302 2920 1368 2986 MA
1389 2921 1458 2986 levi

438 3050 494 3094 εοιι
920 3025 1035 3090 mendo
1047 3045 1105 3109 pro
1117 3043 1195 3090 vera
1207 3026 1366 3108 sen'ptura
1377 3045 1459 3104 προ-

919 3131 1049 3194 εκεῑεθαί
1068 3150 1122 3193 εοι.
1147 3129 1193 3192 ΓΡ
1209 3127 1281 3192 Ald.

350 3236 411 3299 761
438 3233 598 3312 πρότερον
622 3253 646 3296 r.
663 3232 709 3297 Of.
726 3233 780 3296 Th.
799 3234 863 3296 380
1014 3233 1170 3312 πρότεροι
1193 3251 1267 3296 cum
1292 3231 1358 3296 MA

438 3358 467 3420 p.
486 3338 549 3401 108
574 3341 752 3400 tractatum.

350 3441 411 3504 761
439 3441 475 3504 εὺ
500 3439 591 3523 om.†
1080 3439 1115 3502 εὺ
1135 3459 1209 3503 eum
1228 3437 1292 3502 MA

350 3544 413 3606 792
439 3543 529 3620 ὁρῶν
564 3541 713 3607 οἰκοῦντα
746 3546 863 3608 τοῦτον
917 3545 1035 3606 τοῦτον
1047 3540 1136 3620 ὁρῶν
1148 3541 1288 3606 οἰκοῦντ’
1296 3541 1332 3605 ἐν
1344 3543 1461 3605 cumA

439 3644 474 3708 ἐν
498 3663 573 3709 oum
596 3644 665 3729 M†

349 3749 412 3811 821
439 3749 478 3825 μὴ
504 3767 579 3811 eum
602 3747 667 3812 MA
1145 3748 1229 3832 0m†

349 3852 413 3915 846
437 3853 505 3915 τῶν
1025 3871 1052 3914 τι
1069 3856 1135 3916 τῶν
1155 3870 1229 3914 cum
1249 3849 1347 3934 MA†

349 3954 413 4017 849
438 3951 554 4017 αὐτοῑει
576 3957 641 4017 τοῖε
664 3973 738 4018 eum
762 3952 796 4016 M
1044 3955 1149 4019 αὐτοῖε
1174 3973 1248 4018 oum
1271 3953 1332 4037 A†

349 4057 414 4120 856
439 4055 690 4122 καταεπάεαντεε
917 4057 1172 4136 καθαρπάεαντεε
1188 4075 1263 4120 cum
1278 4055 1313 4120 M
1329 4074 1410 4120 corr.
1426 4059 1458 4122 A

917 4181 941 4223 r.
959 4159 1005 4224 Of.
1022 4159 1055 4225 Z.
1074 4162 1127 4224 Ar.
1148 4158 1191 4224 St.
1208 4180 1238 4243 p.
1257 4160 1328 4223 126.

349 4262 414 4325 928
436 4261 512 4325 τάδε
535 4280 611 4325 cum
633 4261 697 4345 Μτι
1078 4264 1147 4327 ταδὶ
1170 4282 1243 4326 oum
1264 4265 1293 4326 A

327 4366 414 4428 1144
438 4363 510 4442 κάμ’
532 4363 604 4446 RM,
629 4362 701 4442 κάμ’
726 4363 747 4428 S
1032 4368 1082 4430 καί
1105 4365 1136 4444 μ’
1155 4385 1231 4429 cum
1253 4366 1338 4450 A††
