3084 5228
339 479 402 542 154
760 487 876 542 Victor
896 487 1038 554 Conlon,

426 659 464 721 ln
482 679 510 722 v.
526 660 589 723 146
606 660 731 724 ἅπαντα
746 665 791 742 τῷ
809 659 859 742 (R)
877 663 1023 724 πλουτεῖν
1042 661 1102 738 γάρ
1123 660 1185 724 ἐεθ’
1202 661 1328 738 ὑπήκοα
1347 661 1418 724 libro
1429 661 1448 720 λ’

508 749 543 798 da

337 811 474 874 traditur
496 816 563 876 τοῦ.
599 811 795 877 Scholiastae
818 812 855 894 V,
885 832 959 874 cum
983 811 1111 876 douvra
1134 815 1193 876 τοῦ
1218 813 1362 877 πλούτου
1385 815 1449 876 ἐετίν

336 913 475 993 ὑπήκοα
490 918 539 980 καὶ
567 917 803 994 ὑποτεταγμένα
830 914 988 998 praebeat,
1020 913 1106 978 haud
1138 915 1205 978 scio
1234 935 1275 978 an
1304 916 1449 998 genitims

336 1021 462 1101 praesto
486 1019 593 1082 fuerit.
628 1018 689 1094 Qui
715 1038 908 1101 quamquam
936 1019 1140 1100 frequentius
1170 1017 1276 1081 dativo
1302 1019 1449 1083 invenitur

336 1122 388 1202 (of.
404 1121 674 1186 Kuehner-Gerth
699 1121 751 1183 Gr.
769 1121 822 1184 Gr.
839 1121 884 1183 Ill
904 1126 922 1200 ξ
943 1123 1005 1183 417
1036 1119 1142 1184 adnot
1160 1123 1179 1184 6
1203 1142 1232 1204 p.
1250 1123 1335 1200 359),
1359 1126 1448 1184 tamen

337 1223 464 1287 dativus
495 1222 534 1286 ab
565 1223 742 1288 editoribue
773 1227 921 1307 receptus
953 1223 1030 1286 mihi
1063 1225 1226 1307 probatur,
1258 1225 1376 1308 quippe
1404 1225 1449 1306 qui

336 1326 433 1410 vulgo
458 1327 652 1390 exhibeatur
674 1334 706 1390 et
729 1325 812 1390 inv
836 1346 965 1408 quoque
989 1327 1132 1410 genitivo
1157 1329 1394 1410 superscriptus
1412 1329 1452 1389 sit

336 1429 403 1494 Iam
421 1450 494 1494 oum
507 1429 700 1513 Blaydesius
717 1430 862 1494 offenmm
875 1430 1034 1512 positione
1047 1429 1222 1512 particulae
1235 1431 1297 1506 γὰρ
1310 1431 1344 1492 iu
1361 1429 1453 1493 adnot

336 1532 376 1596 ad
401 1533 430 1596 h.
447 1554 475 1596 v.
496 1531 596 1597 dieat:
627 1533 828 1616 “Scripserat
855 1533 992 1596 fortasse
1022 1533 1146 1596 douvra
1173 1534 1233 1610 γὰρ
1261 1537 1305 1614 τῷ
1329 1534 1454 1614 πλουείιμ

335 1637 398 1716 (vel
420 1639 478 1700 τοῦ
503 1638 663 1716 πλουείου)
688 1635 743 1700 'cd’
760 1636 893 1718 ὑπήκοα,
909 1655 950 1700 ne
967 1635 1040 1718 quis
1060 1634 1248 1698 mutandum
1266 1655 1338 1698 esse
1358 1636 1455 1698 existi·

337 1742 402 1803 met
421 1739 566 1803 ordinem
584 1738 765 1821 verborum,
784 1739 872 1802 locos
892 1737 1048 1822 quosdam
1067 1739 1251 1818 offeramur,
1270 1738 1390 1820 quibus
1405 1741 1455 1814 γὰρ

336 1845 409 1926 post
437 1841 617 1906 seeundum
641 1842 692 1905 vel
715 1844 846 1904 tertium
875 1841 1068 1904 vocabulum
1097 1843 1237 1925 positum
1265 1847 1329 1904 est:
1361 1843 1404 1906 Pl
1422 1843 1454 1904 65

336 1947 418 2024 εἰμὴ
441 1947 568 2025 φρότειτ
584 1947 654 2026 γὰρ,
678 1945 737 2008 Nb.
758 1946 843 2007 1190
868 1944 948 2024 ὅπερ
968 1946 997 2008 οἱ
1016 1947 1188 2022 προτένθαι
1205 1946 1276 2023 γὰρ,
1301 1947 1361 2008 Αν.
1381 1947 1454 2007 1515

337 2050 382 2113 ἀεί
413 2049 483 2113 ποτ’
505 2049 688 2124 ἀνθρώποιο
715 2051 784 2130 γὰρ,
813 2047 864 2111 Ls.
887 2049 950 2110 409
984 2051 1034 2110 διὰ
1065 2047 1235 2126 τάργύριον
1266 2052 1456 2126 πολεμοῦμεν

336 2153 412 2229 γάρ;
438 2151 496 2234 Vp.
515 2153 588 2232 814,
614 2152 676 2214 971
704 2151 803 2216 αι’ποῡ
829 2152 935 2228 μὲνων
958 2151 1029 2230 γάρ.
1065 2149 1135 2226 Qua
1160 2151 1373 2214 collocatione
1397 2171 1456 2234 par-

336 2256 454 2318 tioulae
477 2256 538 2333 γὰρ
567 2255 711 2318 comicus
736 2253 770 2316 id
793 2255 926 2317 efficere
954 2256 988 2316 in
1013 2255 1119 2316 animo
1149 2254 1301 2316 habuisse
1331 2253 1455 2332 videtur,

336 2361 428 2421 ntea
448 2377 520 2438 vox,
540 2356 574 2419 in
594 2377 690 2439 qnam
707 2357 862 2420 orationis
878 2355 1004 2440 pondus
1022 2355 1232 2436 incumberet,
1253 2376 1325 2420 oum
1349 2357 1455 2419 maiora

336 2461 369 2524 vi
388 2465 420 2524 et
438 2461 593 2544 gravitate
613 2461 794 2523 efferretur.
824 2459 869 2522 Cf.
890 2461 987 2523 etiam
1006 2459 1082 2522 Eur.
1099 2459 1215 2523 Bacch.
1232 2461 1296 2522 477
1317 2461 1454 2523 τὸνθεόν

337 2565 420 2640 ὁρᾶν
446 2565 508 2642 γὰρ
536 2569 599 2647 φῂτ
628 2568 747 2643 captim,
777 2561 886 2626 Troad.
908 2565 992 2626 1020
1023 2564 1058 2627 ἐν
1080 2567 1149 2627 τοῑε
1173 2561 1376 2640 Ἀλεξάνδρου
1403 2562 1454 2636 γὰρ

336 2667 458 2746 ὓβριῑετ
478 2667 597 2748 δόμοιτ,
620 2665 716 2728 Here.
736 2667 821 2728 1390
842 2667 890 2729 καὶ
908 2668 983 2730 τοὺτ
1007 2667 1175 2730 τθὲνονταε
1193 2667 1263 2745 γὰρ,
1287 2665 1383 2748 Hipp.
1399 2664 1453 2725 409
1517 2669 1518 2748 t

337 2770 413 2834 οὐδὲ
437 2772 546 2847 ετὲγην
569 2773 640 2852 γὰρ,
671 2770 755 2833 1005
782 2769 858 2834 οὐδὲ
885 2773 983 2832 ταῦτα
1006 2771 1075 2849 γὰρ,
1104 2768 1152 2831 ΕΙ.
1174 2769 1237 2831 008
1262 2769 1361 2831 unitio
1385 2768 1454 2842 κόρα

336 2875 396 2951 γὰρ
424 2874 613 2954 (mutatione
642 2872 746 2936 Geolii
776 2873 875 2936 παίεω
905 2873 965 2950 γὰρ
989 2871 1073 2950 ἧπαρ
1103 2871 1189 2934 haud
1218 2871 1285 2934 seio
1315 2891 1355 2932 an
1383 2889 1453 2951 opus

335 2996 402 3039 non
425 2976 485 3056 sit).
519 2975 570 3038 Ex
590 2975 788 3038 comicorum
811 2976 1001 3057 fragmentis
1026 2973 1166 3057 denique
1183 2973 1327 3038 Kookins
1347 2971 1384 3036 ad
1404 2977 1452 3034 Ar.

339 3080 423 3141 1545
444 3080 477 3140 in
495 3079 542 3142 ed.
559 3079 610 3141 ΙΙΙ
629 3080 714 3141 1994
734 3084 766 3142 et
785 3081 822 3142 A.
839 3077 1087 3142 Kretsohmarus
1107 3079 1141 3141 in
1158 3077 1452 3141 libello-academico
1516 3151 1517 3182 ᾖ

335 3181 406 3245 “De
426 3180 595 3244 Menandri
620 3182 766 3264 reliquiis
790 3180 1075 3264 nupe1·repertis”
1099 3181 1238 3265 (Lipsiae
1266 3182 1452 3258 19001505-

336 3286 441 3348 nullos
465 3285 562 3367 loeus,
591 3306 671 3369 quos
696 3305 738 3349 ex
761 3286 888 3350 Jacobii
917 3285 1058 3348 oomioae
1087 3283 1237 3348 diationis
1262 3282 1369 3347 indice
1392 3303 1412 3344 s.
1429 3299 1451 3341 v.

335 3390 396 3468 γὰρ
419 3389 514 3452 facile
538 3409 664 3472 augeae,
689 3391 930 3472 congesserunt,
957 3388 1133 3452 ubimulta
1154 3388 1250 3451 etiam
1274 3387 1452 3450 insolentius

335 3490 491 3573 particula
514 3491 575 3569 γὰρ
600 3491 754 3554 collocata
779 3494 836 3555 est.

425 3593 463 3656 In
488 3613 516 3655 ν.
534 3594 597 3656 203
619 3595 799 3658 δειλότατόν
824 3594 922 3658 ἐεθ’ὁ
947 3597 1086 3658 πλοῦτος
1110 3593 1250 3657 editores
1274 3593 1451 3656 intertium
1515 3595 1516 3618 l

337 3697 366 3756 V
385 3704 417 3760 et
439 3696 537 3760 schol.
555 3696 735 3760 δειλότατον
760 3696 914 3760 adversus
939 3698 1119 3761 δειλότατα(
1138 3697 1166 3760 R
1185 3696 1370 3779 recipienda
1389 3713 1450 3757 ron-

336 3799 479 3863 sentiunt
502 3799 598 3880 idque
619 3800 805 3863 rectissime,
838 3799 919 3863 Nam
945 3799 1021 3862 satis
1045 3801 1120 3863 nota
1145 3803 1194 3862 est
1216 3801 1270 3862 lex
1291 3799 1354 3879 illu,
1373 3813 1449 3879 quae.

336 3921 411 3965 oum
434 3901 474 3966 de
499 3905 594 3966 certis
618 3903 724 3984 agitur
746 3902 932 3966 hominibus
955 3903 1008 3965 vel
1031 3902 1136 3982 rebuS,
1160 3901 1357 3966 adieetirum
1374 3915 1449 3982 prae·

336 4003 510 4070 dioativum
527 4009 584 4070 aut
599 4007 811 4070 masculinum
828 4011 884 4070 aut
899 4006 1093 4070 femininum
1109 4025 1179 4070 esse
1195 4005 1294 4086 iubet,
1314 4007 1448 4068 neutrum
1514 4005 1515 4052 l

336 4112 454 4190 eontra,
479 4130 554 4173 oum
577 4110 617 4174 de
640 4130 758 4194 genere
782 4111 834 4174 vel
857 4110 1030 4192 generibus
1055 4109 1169 4192 agitur.
1202 4103 1447 4172 ulpianam

335 4211 413 4275 ἔστιν
429 4209 557 4290 ἄμεινον
570 4214 660 4276 πενία
672 4213 819 4294 πλούτου,
832 4213 887 4276 Eo.
900 4215 963 4276 115
981 4213 1087 4277 δεινὸν
1104 4213 1133 4276 δ’
1146 4213 1223 4276 ἐετὶν
1236 4213 1255 4289 ἡ
1269 4214 1309 4289 μή
1325 4207 1447 4288 'propia

338 4313 396 4398 Vp.
413 4316 453 4378 27
485 4315 589 4378 δεινόν
617 4334 653 4388 γε
676 4313 779 4379 τοῦετ’
796 4315 967 4393 ἄνθρωπος
995 4315 1170 4394 ἀποβαλὼν
1198 4313 1293 4396 ὅπλα,
1323 4307 1445 4376 Αν.451

335 4418 470 4497 δολερὸν
500 4420 557 4494 μὲν
588 4417 635 4480 ἀεὶ
662 4419 740 4480 κατὰ
768 4419 871 4481 πάντα
895 4420 933 4495 δὴ
962 4419 1084 4494 τρόπον
1112 4419 1255 4497 πέφυκεν
1283 4415 1445 4494 ἄνθρωπος
