3058 5222
343 494 406 557 194
766 500 885 555 Victor
905 500 1049 568 Conlon,

341 673 402 756 vp.
419 673 494 754 422,
517 671 572 736 ru.
590 674 665 754 322,
682 673 757 754 050,
773 672 848 753 001,
870 672 926 736 ne.
944 673 1017 753 502,
1041 673 1122 737 150.
1139 674 1214 755 222,
1237 674 1291 738 Po.
1309 674 1378 755 301,
1392 676 1443 751 555,
1507 646 1508 690 ³

341 776 482 858 denique
502 777 562 839 nv.
580 776 666 839 1196
687 775 775 853 ἄθρει
794 778 830 839 δὲ
845 780 906 839 ude
926 777 1032 858 κύκλῳ
1050 782 1187 840 τκοπιῖιν.
1216 776 1263 840 cf.
1285 777 1378 842 etiam
1391 777 1444 840 Eur.

341 880 436 944 Rhes.
454 880 518 943 685
542 883 616 943 παῖε
638 883 710 958 παῖε,
741 879 805 942 688
829 879 892 956 ίεχε
915 882 977 942 πᾶ(
1000 879 1091 960 δόρυ,
1121 879 1186 942 690
1215 881 1292 957 ἕρπε
1313 884 1380 962 πόι,
1400 881 1444 942 136
1503 882 1507 939 3

341 986 408 1058 εῖγα
431 986 501 1046 ude.
530 982 569 1045 In
593 983 653 1044 Av.
674 982 760 1044 1196
784 980 878 1044 multi
904 981 964 1043 viri
988 980 1074 1046 docti
1097 983 1293 1046 coniecturis
1316 984 1365 1045 usi
1385 995 1447 1045 suut
1504 983 1507 1049 J

343 1085 387 1149 Ut
414 1085 493 1149 alios
521 1084 678 1167 omittam,
705 1085 867 1168 Reisigius
894 1083 1140 1167 (Corripere)
1164 1083 1253 1162 ἄθρει
1281 1087 1316 1148 δὲ
1344 1089 1446 1148 uritur

340 1193 484 1267 πανταχῆ
510 1188 612 1269 κύκλψ
638 1192 774 1268 τκοπῶν,
798 1186 957 1270 Bergkius
976 1185 1065 1267 ἄθρει
1084 1191 1120 1251 δὲ
1139 1191 1201 1252 ude
1218 1208 1264 1252 uc
1281 1189 1449 1262 πάνταπερὶ

340 1290 447 1373 κύκλῳ
471 1293 601 1354 εκοπιῖιν
626 1291 799 1373 proposuit.
836 1289 960 1366 Quibus
988 1289 1265 1354 emendationibus
1288 1290 1449 1372 repudiatis.

341 1393 459 1475 quippe
479 1411 552 1456 oum
572 1410 730 1474 nusquam
750 1392 836 1475 apud
854 1398 1001 1455 nostrum
1019 1392 1118 1456 verba
1136 1397 1198 1457 πᾶ(
1216 1414 1261 1457 τι(
1281 1413 1357 1457 eum
1374 1393 1451 1456 alten

340 1513 478 1578 persona
505 1496 585 1578 sing.
601 1496 745 1578 imperat
761 1514 862 1578 praes.
880 1497 1053 1560 coniuncta
1080 1497 1269 1576 invenerim,
1293 1516 1368 1560 cum
1390 1496 1450 1559 llei-

341 1598 436 1662 nchio
461 1603 494 1661 et
511 1597 634 1661 Koohio
657 1597 805 1661 lacunam
825 1603 899 1661 ante
922 1596 1011 1675 ἄθρει
1034 1602 1176 1662 statuere
1195 1599 1352 1681 praefero,
1368 1598 1450 1680 quoad

341 1700 515 1785 probabilis
545 1701 701 1764 correctio
732 1701 895 1784 proposita
922 1702 972 1764 sit
1007 1699 1088 1764 Mihi
1116 1701 1247 1783 quidem
1278 1722 1344 1766 non
1370 1702 1451 1764 aliem

341 1804 471 1868 videtur
486 1803 522 1866 G.
538 1803 717 1867 Hermanni
736 1804 826 1884 ratio,
845 1804 910 1885 qui,
929 1823 1004 1868 cum
1023 1803 1181 1866 tumultus
1200 1806 1234 1866 in
1253 1823 1370 1868 scaena
1384 1809 1453 1867 ortus

340 1907 389 1988 sit,
410 1906 544 1970 verbum
564 1905 693 1970 tacendi
711 1911 785 1968 ante
804 1905 891 1983 ἄθρει
911 1905 1097 1970 desiderans
1114 1906 1227 1970 “initio
1242 1927 1359 1972 versus
1374 1911 1453 1982 αγᾱτε

340 2008 397 2084 εῑγ’
417 2007 577 2072 excidisse
596 2009 707 2071 statuit
726 2009 758 2070 et
776 2015 949 2091 praeterea,
974 2009 1100 2074 utheri
1123 2010 1205 2074 solet
1227 2013 1260 2074 in
1284 2011 1342 2074 tali
1364 2029 1452 2074 remu

340 2111 451 2192 forme,
471 2110 573 2193 qualis
593 2111 646 2173 hic
666 2110 867 2192 describitur,
883 2112 921 2176 ἔα
940 2112 977 2176 ἔα
993 2115 1108 2176 ceteris
1126 2113 1324 2196 praeponit’',
1345 2121 1381 2178 ut
1396 2131 1455 2176 cum

340 2213 503 2278 Meinehio
527 2213 635 2291 (Vind.
651 2216 706 2277 Ar.
723 2234 752 2297 p.
765 2216 847 2293 108)
870 2214 991 2297 loquar.
1027 2215 1184 2280 Necnon
1207 2217 1317 2279 sensui
1340 2217 1455 2280 forsitan

340 2317 528 2381 convenerit
553 2317 630 2381 hoo:
655 2317 693 2381 ἔα
712 2317 757 2399 ἔα,
778 2317 782 2402 ί
801 2321 886 2382 τουτὶ
909 2321 936 2382 τί
979 2340 1016 2396 ν·,
1042 2318 1135 2395 Quod
1154 2318 1224 2382 coll.
1240 2321 1301 2382 Av.
1320 2321 1405 2383 1495
1422 2319 1457 2380 tu

338 2423 423 2483 τουτὶ
450 2422 477 2483 τί
505 2421 561 2498 dv,
590 2421 810 2503 proposuerim
840 2425 1019 2484 commotus
1046 2421 1193 2485 versibus
1222 2421 1457 2486 1191-9810

339 2521 431 2598 ἐγγὺς
459 2523 519 2600 ἤδη
550 2525 700 2600 δαίμονος
726 2526 894 2602 πεδαρείου
916 2523 921 2610 Ι
942 2526 1028 2603 δίνη(
1051 2525 1211 2602 πτερωτδε
1234 2525 1382 2604 φθόγγοι
1404 2524 1458 2589 ἑξα-

339 2629 482 2700 κούεται;
507 2627 587 2690 haec
610 2627 697 2690 eium
716 2625 814 2690 verba
837 2645 934 2692 eausa
956 2633 1034 2690 sunt
1056 2628 1315 2710 interrogationis
1340 2627 1459 2692 τοιπῖτί

339 2729 395 2807 ἠν;
420 2728 458 2791 10
478 2730 609 2792 01181
631 2734 737 2792 autem
758 2749 832 2792 oum
849 2727 1020 2812 Meinelrio,
1039 2729 1171 2812 Kocln'o,
1191 2731 1261 2794 aliis
1279 2731 1459 2814 scripturam

339 2830 370 2892 V
386 2831 494 2896 τόξευε
517 2836 589 2895 παῖε
612 2850 741 2896 servare
766 2851 831 2894 nou
855 2829 974 2896 dubito.
1011 2832 1057 2896 ef.
1075 2832 1195 2897 similes
1219 2832 1305 2896 locos
1330 2835 1391 2897 Ar.
1408 2833 1458 2895 365

339 2934 417 3014 ἕλκε,
444 2936 531 3020 τίλλε,
559 2938 642 3014 παῖε,
671 2937 761 3014 δεῖρε,
791 2935 888 2998 κόπτε
911 2939 1042 3013 πρώτην
1065 2938 1123 3013 τήν
1147 2937 1273 3017 χύτραν,
1301 2937 1365 3000 Nb.
1389 2936 1460 2999 leus

340 3037 442 3116 δίωκε,
467 3036 570 3118 βάλλε,
593 3040 672 3118 παῖε,
696 3036 783 3102 alios

428 3139 568 3202 Versum
595 3141 680 3202 1693
700 3140 758 3202 RV
775 3141 822 3204 sie
846 3139 1016 3204 exhibent:
1041 3143 1173 3218 γαμικὴν
1197 3144 1329 3220 χλανίδα
1355 3144 1461 3207 διδότω

337 3262 381 3305 τι(
401 3243 499 3320 δεῦρό
519 3263 578 3322 μοι,
599 3242 696 3305 schol.
712 3243 747 3304 in
763 3241 867 3306 adnot.
884 3241 924 3305 ad
941 3263 968 3305 v.
988 3244 1073 3307 1565
1094 3244 1175 3308 ἀλλὰ
1190 3247 1325 3322 γαμικὴν
1341 3246 1461 3324 χλαμίδα

338 3345 397 3424 (sic
416 3345 560 3408 confusis
579 3344 788 3408 substantivis
806 3347 911 3424 χλανῖε
927 3351 960 3408 et
979 3348 1110 3426 χλαμὺς)
1129 3347 1215 3410 δότω
1231 3368 1276 3411 τι(
1295 3349 1398 3426 δεῦρό
1415 3367 1462 3422 μοι.

339 3447 487 3512 Editores
506 3452 633 3531 praeter
652 3446 860 3530 Bleydesium
879 3447 1049 3513 lectionem
1068 3448 1165 3513 schol.
1183 3454 1305 3513 mutato
1326 3451 1384 3513 illo
1403 3453 1462 3528 χλα-

338 3553 412 3630 μίδα
427 3553 462 3614 in
478 3554 608 3630 χλανίδα
624 3553 727 3616 secuti
740 3559 823 3616 sunt.
848 3552 1049 3634 Quamquam
1065 3569 1186 3636 versuo,
1202 3553 1305 3635 qualis
1322 3555 1357 3616 in
1376 3551 1462 3616 schol.

339 3656 509 3739 profertur,
539 3657 683 3721 numeris
705 3678 772 3721 non
795 3657 984 3721 adversatur
1006 3656 1057 3740 (cf.
1078 3655 1127 3720 m.
1148 3657 1323 3740 Pongratz:
1353 3657 1403 3721 De
1425 3675 1463 3718 ar·

339 3758 428 3823 sibus
452 3760 565 3822 solutis
588 3761 621 3822 in
646 3759 844 3842 dialogorum
868 3761 1003 3824 senariis
1025 3760 1260 3843 Aristophanis,
1283 3781 1313 3844 p.
1331 3762 1377 3824 25
1387 3763 1463 3842 0001

339 3866 446 3926 tamen
465 3862 657 3944 Blaydesius
681 3865 797 3927 omissa
821 3863 978 3946 particula
1001 3865 1079 3927 ἀλλὰ
1101 3863 1229 3928 Bentlei
1252 3867 1464 3928 coniecturam

338 3967 494 4043 γαμήλιον
519 3965 604 4028 haud
625 3967 691 4029 scio
716 3986 756 4028 an
779 3967 850 4030 iure
874 3967 907 4028 in
927 3969 1053 4030 textum
1076 3967 1241 4050 receperit
1268 3967 1464 4031 Vocabulum

338 4071 466 4146 γαμικὸε
490 4070 575 4133 enim
601 4089 707 4151 neque
731 4068 817 4153 apud
839 4071 980 4134 comicos
1003 4090 1109 4153 neque
1128 4071 1212 4155 apud
1229 4073 1371 4154 tragicos
1392 4069 1466 4136 Atti·

339 4189 393 4235 cos
410 4171 584 4252 invenitur,
608 4171 666 4234 sed
682 4172 830 4235 omnihus
846 4173 933 4254 loeis,
949 4173 1066 4255 quibus
1082 4179 1194 4258 poetae
1211 4175 1257 4238 illi
1273 4175 1464 4239 adiectis-um

339 4295 358 4336 a
372 4273 572 4338 substantivo
589 4276 688 4353 γάμοι
706 4275 839 4339 ductum
856 4276 1080 4358 adhibuerunt,
1097 4284 1160 4340 ton
1176 4278 1326 4354 γαμήλιος
1342 4277 1466 4360 legitur.

338 4375 427 4440 velut
445 4377 478 4440 in
495 4381 554 4442 Av.
575 4381 660 4442 1158
680 4382 712 4442 et
726 4379 780 4442 Th.
800 4380 885 4442 1122
905 4381 998 4457 λὲχοτ
1016 4379 1177 4460 γαμήλιον,
1196 4378 1251 4441 Th.
1270 4380 1466 4456 103401μο-

1504 1062 1507 1120 l

1502 1138 1507 1203 1

1503 2218 1509 2261 1
