3184 5234
327 409 369 479 70
749 415 867 483 Victor
886 415 1030 482 Coulon,

431 587 470 650 ln
494 586 600 658 Pluti
624 607 651 662 ν.
669 587 733 653 255
749 585 787 651 ἴτ’
804 585 962 662 ἐγκονεῖτε
978 586 1131 668 επεύδεθ’,
1157 589 1201 655 ὼε
1218 589 1236 652 6
1254 591 1362 666 καιρὸε
1383 589 1459 671 οὐχὶ

325 693 459 770 μέλλειν,
482 690 511 754 R
533 695 633 754 metro
658 691 758 753 invito
782 689 950 755 articulum
969 690 988 757 6
1005 690 1118 755 omisit
1143 690 1192 754 Ex
1219 691 1325 767 verbis
1347 693 1457 770 autom

325 793 411 857 Voo
435 794 497 873 γὰρ
521 795 630 888 καιρὸε
656 793 727 875 οὐχὶ
751 795 875 870 μέλλειν
899 791 1111 864 Moinekius
1103 814 1138 856 ιιι
1158 792 1252 866 vinu
1270 791 1322 856 Ar.
1339 813 1369 892 p
1387 794 1456 856 210

325 897 364 970 ομ
388 898 449 974 γὰρ
478 896 587 986 καιρός
611 895 673 963 ἑττι
703 897 826 974 μέλλειν
854 893 1087 973 restituendum
1115 914 1186 960 esse
1208 896 1348 980 putavit,
1379 915 1456 974 cum

324 1000 446 1078 offendi
458 1019 530 1064 sese
542 999 663 1064 diceret
674 999 831 1067 articulo
823 1019 857 1076 ιιι
868 999 940 1065 lect
934 1019 1006 1064 ione
1023 999 1153 1064 s-MA
1171 1001 1215 1064 ὼε
1228 1001 1247 1064 6
1261 1003 1369 1079 καιρὸε
1384 1001 1458 1082 οὐχὶ

325 1105 458 1184 μέλλειν.
484 1101 624 1180 Quamf
625 1103 688 1166 erri
710 1121 804 1186 posse
829 1101 978 1168 coneedit
999 1101 1104 1180 iorma
1127 1105 1230 1181 μέλλει
1254 1122 1310 1191 pro
1330 1105 1456 1180 μέλλειν

323 1207 471 1293 reposita.
498 1205 610 1290 Neque
627 1224 704 1270 vero
720 1204 880 1288 intellego,
900 1203 979 1286 quid
995 1205 1186 1268 offensionis
1204 1205 1222 1268 6
1240 1209 1348 1284 καιρὸε
1363 1224 1458 1288 prae-

324 1308 404 1375 beat.
428 1308 554 1372 Similes
579 1310 665 1372 enim
689 1308 900 1372 inveniuntur
924 1309 1180 1375 constructiones
1204 1309 1237 1371 in
1256 1307 1310 1371 Th.
1328 1309 1391 1373 661
1409 1308 1457 1371 ὼε

325 1411 472 1490 (λκαιρὸε
497 1410 557 1475 ἐετι
578 1413 618 1489 μή
639 1413 761 1488 μέλλειν
781 1409 832 1490 ἔτι,
857 1409 951 1492 Soph.
972 1409 1048 1473 Oed.
1066 1410 1100 1474 R.
1120 1411 1205 1474 1050
1223 1409 1383 1490 εημὴναθ’,
1408 1411 1457 1487 ὼε

325 1514 343 1577 6
369 1517 476 1592 καιρὸε
499 1514 650 1592 ηὑρῆεθαι
673 1515 761 1594 τάδε,
790 1514 905 1577 Aesch.
923 1511 1016 1577 Ghoe.
1035 1514 1099 1577 106
1124 1513 1195 1578 ἀλλ’
1211 1513 1312 1577 ἔιθ’ὁ
1337 1514 1457 1592 καιρὸε.

324 1616 468 1682 Verbum
491 1623 597 1680 autem
618 1616 696 1680 ἐετὶν
719 1619 792 1698 post
815 1617 932 1698 καιρόε,
957 1617 1035 1697 ὥρα,
1055 1618 1160 1696 (χολη,
1185 1617 1337 1696 κίνδυνοι,
1363 1615 1459 1694 atuor,

323 1720 455 1800 ἀνάγκη,
479 1719 541 1783 alia
564 1719 680 1782 similia
702 1719 859 1783 vocabula
882 1737 976 1804 saepe
1000 1719 1103 1785 omitti
1127 1720 1204 1784 satis
1227 1721 1303 1781 uota
1321 1736 1373 1782 res
1397 1723 1459 1780 est.

322 1821 435 1904 Itaque
447 1842 522 1886 oum
532 1820 679 1904 Bergule,
691 1821 871 1904 Bloyllesio
883 1823 1030 1903 Velseno,
1043 1823 1114 1886 aliis
1126 1824 1315 1905 scripturam
1329 1819 1461 1884 s-MA

323 1925 487 2004 tuentibus
510 1925 595 1988 facio
619 1925 669 1988 vel
695 1943 732 1988 eo
757 1933 947 2008 commotuS,
979 1925 1065 2008 quod
1089 1924 1168 1989 illud
1192 1926 1275 2008 οὐχὶ,
1307 1943 1365 2017 pro
1390 1943 1461 2008 quo

323 2027 503 2108 bleinelrius
523 2027 742 2092 &pscribere
763 2028 838 2109 vult,
863 2028 896 2090 in
917 2028 1065 2096 omnibus
1086 2028 1252 2092 codicibus
1271 2027 1460 2104 invenitur;

324 2151 517 2217 quamquam
540 2150 605 2193 non
629 2131 751 2197 infitior
773 2132 968 2200 locutionem
994 2135 1038 2196 ὼε
1064 2133 1082 2196 6
1108 2134 1215 2210 καιρὸε
1236 2132 1308 2212 οὐχὶ
1328 2131 1460 2208 μέλλειν

321 2233 513 2312 insolentem
537 2253 621 2312 esse;
646 2240 694 2297 est
717 2235 802 2298 enim
828 2237 1033 2314 βραχυλογία,
1059 2255 1153 2318 quam
1178 2235 1225 2298 sic
1248 2233 1458 2316 interpretari

322 2336 414 2414 licet:
440 2338 484 2401 ὼε
510 2337 528 2400 6
554 2336 660 2413 καιρὸε
684 2337 756 2415 οὐχὶ
780 2341 924 2401 τοιοῦτο(
950 2337 1017 2401 olor
1041 2339 1169 2417 μέλλειν.

413 2439 450 2501 ln
475 2459 502 2501 v.
522 2441 582 2502 581
611 2439 680 2503 ἀλλ’
702 2438 728 2501 ὦ
754 2440 915 2519 Κρονικαῑτ
943 2442 1053 2519 λήμαιε
1082 2439 1185 2504 ὄντωε
1210 2444 1370 2518 λημῶντες
1398 2441 1460 2503 τὰ(

322 2544 444 2636 φρένα(
468 2541 566 2619 ἄμφω
590 2540 691 2604 S-lll
708 2561 787 2606 corr.
804 2547 942 2618 γνώμαιε
958 2542 1120 2624 praebent,
1144 2541 1202 2606 RV
1220 2546 1329 2620 λήμαις
1345 2540 1459 2604 addito

321 2663 369 2731 γρ.
390 2645 529 2720 γνώμαιε
550 2643 585 2705 V.
610 2643 704 2706 Multi
730 2643 790 2706 loci
815 2644 972 2708 eiusmodi
996 2647 1179 2726 occurrunt,
1204 2644 1259 2707 ubi
1281 2643 1309 2704 V
1331 2645 1366 2706 in
1390 2664 1457 2728 mg.

321 2747 512 2828 scripturam
536 2745 670 2812 oliorum
693 2744 847 2810 librorum
872 2753 1107 2812 commemorat.
1138 2747 1268 2810 Videsis
1295 2746 1342 2809 Pl.
1367 2748 1457 2810 1110

321 2931 350 2994 p.
364 2912 406 2976 40
431 2917 609 2978 tractatum.
640 2911 792 2976 Similiter
808 2919 904 2994 utque
920 2913 990 2975 aliis
1005 2912 1085 2976 locis
1101 2915 1134 2977 in
1151 2846 1458 2995 archetypobssffi

322 3016 476 3098 scriptum
506 3016 608 3080 luisse
639 3017 795 3098 suspicari
824 3016 908 3079 licet
939 3017 1081 3093 Quarum
1112 3017 1285 3081 lectionum
1318 3022 1458 3098 utraque

322 3120 416 3182 etiam
441 3118 630 3182 scholiastae
654 3119 725 3183 Alc
742 3125 867 3202 praesto
890 3119 961 3202 fuit
992 3121 1048 3202 qui
1072 3121 1140 3184 ἀντὶ
1169 3123 1204 3184 δὲ
1228 3123 1288 3184 τοῦ
1312 3123 1455 3198 γνώμοιε

322 3223 475 3300 γράφεται
492 3224 602 3299 λήμαιε
614 3221 777 3284 adnotavit
793 3221 900 3284 addita
915 3222 1129 3304 explicatione
1144 3223 1231 3286 vocis
1247 3224 1338 3304 λήμη,
1355 3242 1455 3305 quani

322 3330 354 3386 et
376 3325 409 3386 in
433 3322 530 3386 schol.
547 3323 607 3385 RV
631 3329 662 3386 et
685 3324 769 3406 apud
787 3324 917 3388 Suidam
942 3327 1096 3388 invenies
1122 3325 1271 3390 Ceterum
1296 3325 1335 3388 ci.
1353 3325 1391 3388 de
1406 3324 1456 3387 lo-

323 3427 452 3489 cutione
474 3426 665 3508 proverbiali
687 3428 830 3504 Κρονικαὶ
854 3431 947 3505 λῆμαι
963 3427 1093 3491 Suidam
1111 3435 1143 3492 et
1158 3427 1359 3509 Hesychium
1383 3447 1406 3490 s.
1422 3447 1455 3489 r.

323 3531 356 3592 et
379 3528 520 3591 Paroeui.
546 3529 598 3591 Gr.
622 3529 638 3590 l
663 3550 690 3613 p.
708 3531 772 3592 263
797 3529 941 3613 (Diogen.
961 3531 989 3590 V
1008 3533 1069 3613 63).
