3058 5222
275 480 464 550 Qnaestiones
483 481 599 537 criticae
618 482 649 536 in
667 481 864 554 Aristophanis
883 483 1002 539 tabulas.
1141 479 1203 540 191

70 653 142 718 fine
164 653 220 716 Ra.
247 653 309 716 152
334 655 373 730 νὴ
404 655 480 718 τοὺς
504 655 599 719 θεοὺς
628 654 725 732 ἐχρῆν
748 675 784 729 γε
807 657 889 732 πρὸς
911 658 1047 721 τούτοιςι
1078 657 1121 720 κεί
1144 658 1206 737 (καί

70 757 96 821 εί
122 755 159 824 R
183 757 238 822 κἐί
262 756 303 838 V)
335 757 340 841 t
364 758 423 834 τὴν
449 758 605 836 πυρρίχην
627 777 672 821 τις
702 757 798 834 ἔμαθε
826 761 887 821 κτλ.
917 758 1112 822 invenimus,
1142 758 1207 823 Hic

70 878 150 922 vero
173 859 274 941 locus
292 879 366 922 cum
386 859 415 923 R
433 861 483 922 καὶ
502 859 528 924 εί
546 859 699 942 praebeat
717 862 750 924 et
767 859 803 922 in
821 881 850 922 v.
868 863 932 925 153
950 862 1045 925 etiam
1063 863 1081 939 ἢ
1098 862 1208 940 πυρρί-

70 983 134 1041 χην
156 961 222 1044 legi
245 962 344 1026 schol.
368 961 409 1024 ed
433 962 463 1024 h.
486 983 515 1025 v.
541 966 778 1040 commemoret
797 964 942 1028 incertus
967 969 999 1030 et
1017 965 1126 1029 multis
1146 966 1208 1029 cri·

68 1065 157 1145 hoie,
181 1064 271 1128 velut
292 1064 471 1128 Fritzschio
495 1067 528 1128 et
550 1064 675 1129 Kockio
700 1070 871 1150 suspectus
896 1073 953 1150 est,
979 1069 1035 1150 qui
1053 1087 1117 1132 sse.
1144 1069 1206 1131 152

70 1169 185 1230 -153
209 1168 257 1231 sic
282 1167 495 1250 scripserunt:
520 1171 558 1246 νὴ
582 1170 657 1233 τοὺς
681 1171 834 1234 θεοὺς-
852 1172 900 1235 καί
922 1171 926 1256 Ι
947 1171 973 1236 εί
989 1172 1146 1249 πυρρίχην
1164 1191 1209 1235 τις

69 1275 136 1334 κτλ
161 1270 275 1352 ltaque
300 1291 374 1334 cum
402 1274 512 1334 nostro
541 1270 612 1334 loco
637 1270 671 1333 id
695 1271 857 1354 agendum
881 1274 932 1355 sit,
960 1275 998 1337 ut
1020 1273 1101 1337 illud
1125 1275 1150 1338 εί
1174 1273 1208 1336 in

68 1374 142 1436 fine
166 1394 195 1436 r.
215 1376 276 1436 119
302 1373 441 1454 tollatur,
470 1394 534 1438 non
563 1394 694 1458 possum
723 1375 924 1458 ingeniosam
948 1381 980 1439 et
1002 1377 1079 1439 satis
1101 1376 1209 1440 lenem

69 1476 332 1541 emendationem
352 1476 391 1541 ab
411 1477 632 1542 Herwerdeno
651 1479 686 1542 in
700 1478 795 1542 Vind.
809 1481 864 1543 Ar.
884 1501 912 1563 p.
932 1481 994 1543 102
1014 1481 1209 1564 propositam

70 1580 89 1644 ὁ
112 1580 197 1644 Ζεὺς
216 1583 271 1658 μὲν
292 1580 361 1661 οὖν,
385 1582 415 1645 εί
435 1582 586 1658 δρῶντά
604 1581 634 1655 γ’
652 1581 752 1646 ούτω
772 1581 871 1664 (quod
889 1583 986 1647 facile
1005 1584 1040 1646 in
1060 1583 1152 1647 είύιῖις
1171 1586 1210 1646 τὰ

68 1684 201 1747 τούτων
231 1682 320 1746 abire
343 1684 477 1765 poteret)
510 1683 590 1761 μῶρ’
615 1683 669 1762 ἐμὲ
690 1683 694 1767 Ι
716 1684 848 1764 πύθοιτ’,
880 1685 920 1749 ἂν
949 1685 1117 1763 ἐπιτρίψειε
1144 1705 1209 1748 non

68 1785 219 1868 probare,
243 1787 432 1868 praesertim
445 1805 538 1868 quac
562 1788 671 1868 aptum
695 1789 727 1849 et
746 1787 953 1869 perspicuum
972 1805 1104 1850 sensum
1119 1806 1211 1869 pree·

70 1889 154 1952 beat
185 1890 235 1952 Ac
263 1908 304 1952 ne
333 1889 386 1952 oui
417 1889 584 1952 collocatio
613 1889 784 1953 encliticae
813 1889 854 1954 ἂν
883 1890 1059 1954 offensioni
1087 1890 1137 1971 sit,
1168 1891 1211 1953 si-

69 1991 186 2054 milem
208 1990 317 2054 locum
339 1993 396 2056 Ra
422 1993 574 2055 556-57
598 1991 638 2056 οὐ
659 1995 715 2070 μὲν
740 1993 800 2057 cdv
826 2014 862 2070 με
885 1994 1095 2074 προςὲδοκας,
1115 1993 1120 2078 1
1143 1993 1209 2070 ὁτιὴ

69 2095 257 2171 κοθόρνους
280 2089 373 2175 εῑχες,
398 2093 438 2158 ἂν
461 2095 582 2169 γνῶναί
605 2094 631 2158 ς’
648 2095 690 2158 ἔπ
714 2094 917 2178 proferimus.

166 2195 307 2260 Versum
325 2197 388 2258 725
408 2195 469 2260 RV
480 2197 528 2261 sic
546 2196 719 2260 exhibent:
744 2197 786 2260 ‘tv'
805 2198 1030 2275 ἐπομνύμενον
1047 2199 1160 2262 παύςω
1180 2218 1213 2262 ςε

68 2301 127 2363 τὰς
152 2299 314 2376 ἑκκληςίας
337 2298 447 2378 (εκ-Β).
482 2299 585 2362 Schol.
598 2299 637 2362 V.
653 2299 727 2362 Ald.
749 2299 880 2362 adnotat
903 2300 1061 2378 ἐκκληςίας
1086 2303 1121 2364 δὲ
1145 2301 1213 2364 ἀντὶ

67 2405 130 2464 τοῦ
157 2403 282 2465 ἐντοῖς
306 2400 473 2479 ἐκκληςίαις
503 2401 549 2482 (ἐν
573 2407 609 2483 τῇ
635 2402 776 2485 ἐκκληςίᾳ
793 2402 833 2482 V)
857 2405 889 2466 et
912 2401 963 2465 alt.
982 2402 1080 2467 schol.
1097 2402 1212 2466 ἄλλως.

68 2505 301 2581 ἐπομνύμενον
336 2506 393 2581 μὲν
424 2502 492 2567 ἀντὶ
523 2507 582 2566 τοιῖ
616 2505 835 2582 ἐφεδρεύοντα
864 2509 932 2569 ταῖς
964 2506 1130 2583 ἐκκληςίαις
1163 2506 1213 2568 καὶ

68 2607 344 2684 ςυκοφαντοιῖντα
374 2606 453 2683 ὑπὲρ
482 2609 541 2670 τού
571 2609 754 2684 κερδαίνειν.
794 2607 888 2671 Prior
916 2609 1015 2690 igitur
1042 2607 1214 2670 scholiasta

67 2708 257 2790 genitivum
275 2711 331 2784 τῆς
350 2707 511 2785 ἐκκληςίας
530 2709 615 2792 legit
640 2708 721 2772 alter
738 2714 804 2773 ταῖς
825 2711 1003 2788 ἐκκληςίαις.
1035 2711 1214 2775 Infeliciter

69 2809 270 2892 Bleydesius
293 2809 475 2892 genitivum
494 2809 667 2875 defendere
692 2820 836 2893 conetur,
860 2814 916 2894 qui
940 2811 980 2876 de
1003 2813 1112 2876 παύςω
1136 2831 1214 2895 pen-

68 2914 157 2995 deat,
175 2914 299 2977 collatis
312 2917 371 2978 Av.
386 2916 471 2978 1259
488 2916 507 2994 ἠ
524 2918 585 2994 μήν
602 2935 633 2980 ςε
650 2915 759 2980 παύςει
775 2921 830 2993 τῆς
846 2913 969 2995 ύβρεως
986 2917 1085 2992 οὑμὸς
1101 2918 1213 2996 πατήρ,

68 3017 130 3099 Eq.
153 3017 221 3080 429
251 3017 315 3090 ἐγώ
343 3037 377 3080 ςε
405 3018 515 3081 παύςω
543 3022 603 3082 τοῦ
633 3019 783 3099 θράςους,
815 3018 871 3082 Ra.
894 3019 959 3080 268
989 3018 1122 3094 ἔμελλον
1151 3017 1213 3095 ἄρα

68 3123 209 3185 παύςειν
225 3119 301 3183 ποθ’
314 3120 394 3196 ὑμᾶς
409 3124 468 3184 τοιῖ
486 3122 571 3202 κοάξ,
591 3120 709 3202 quibus
726 3121 997 3185 constructionem
1017 3139 1107 3183 suam
1128 3139 1214 3184 com-

69 3223 213 3306 probare
238 3223 354 3286 studet.
380 3222 540 3287 Velsenus
559 3222 701 3287 dativum
725 3228 793 3287 ταῖς
811 3225 979 3302 turturini(
1003 3243 1020 3286 e
1044 3222 1142 3289 schol.
1161 3222 1214 3286 ed-

69 3325 241 3388 uotntione
261 3329 388 3386 erutum
407 3325 441 3386 in
460 3329 585 3388 textum
604 3326 732 3408 recepit.
757 3325 860 3402 Quem
877 3345 985 3389 casum
1003 3327 1052 3388 vir
1069 3325 1124 3388 ille
1140 3324 1215 3389 doc-

71 3427 223 3490 tissimus
242 3433 299 3489 ant
319 3425 492 3489 locativum
516 3428 745 3510 interpretatus
770 3434 895 3492 estant
918 3448 991 3493 cum
1017 3428 1114 3492 verbo
1139 3429 1215 3492 ύπο-

72 3531 241 3607 μνύμενον
267 3528 445 3592 coniunxit
480 3529 668 3594 Locativum
691 3532 719 3593 si
744 3530 840 3595 verba
863 3535 928 3595 ταῖς
952 3531 1120 3610 ἐκκληςίαις
1145 3551 1215 3596 esse

70 3631 191 3712 voluit
220 3632 260 3695 ab
284 3651 322 3695 eo
351 3634 518 3715 propterea
542 3632 704 3714 dissentio,
734 3633 820 3714 quod
848 3653 1005 3716 nusquam
1034 3635 1070 3696 iu
1095 3635 1216 3698 Aristo·

71 3735 194 3819 phanis
213 3733 332 3798 fabulis
352 3734 478 3798 dativus
503 3733 564 3798 loci
582 3755 640 3818 pro
661 3738 792 3819 antiquo
812 3735 949 3800 locativo
969 3738 1047 3800 mihi
1068 3739 1215 3802 occurrit

73 3839 153 3902 Uno
179 3838 247 3901 solo
267 3838 338 3902 loco
358 3837 500 3901 115212
521 3838 633 3903 Νείλου
653 3844 809 3918 προχοαῖς
828 3839 953 3922 legitur.
977 3839 1020 3903 At
1039 3841 1126 3904 hunc
1145 3861 1216 3904 ver-

70 3962 150 4005 sum
174 3945 362 4024 corruptum
379 3959 448 4005 esse
467 3947 562 4023 patet
587 3941 668 4005 Nam
689 3962 763 4006 cum
783 3944 817 4004 in
834 3961 897 4006 vss.
915 3945 989 4024 270,
1007 3945 1069 4006 271
1092 3944 1146 4008 εἴτ’
1163 3945 1216 4007 ἐπ’

72 4046 245 4121 Ὀλύμπου
258 4048 415 4122 κορυφαῖς
428 4050 460 4108 et
472 4044 523 4109 εἴτ’
536 4044 690 4109 Ὠκεανοῦ
707 4047 828 4123 πατρὸς
841 4047 880 4110 ἐν
892 4049 1004 4124 κήποις
1018 4047 1216 4129 exhibeatur,

72 4150 178 4212 etiam
203 4148 237 4210 in
257 4168 286 4209 v.
304 4147 368 4209 212
394 4146 447 4210 εἴτ’
465 4145 527 4224 ἄρα
548 4146 659 4211 Νείλου
679 4152 838 4226 προχοαῖς
862 4152 923 4212 κτλ.
948 4151 1142 4233 praepositio
1163 4170 1217 4214 ex-

72 4251 255 4334 spectatur.
286 4249 333 4312 Cf.
350 4249 446 4312 schol.
464 4250 502 4312 ad
524 4250 553 4312 h.
572 4271 616 4314 v.:
642 4253 738 4315 λείπει
757 4253 775 4329 ἡ
796 4251 855 4332 ἐπί,
873 4253 928 4316 ἵνα
947 4253 965 4330 ἡ
985 4254 1033 4315 ἐπὶ
1052 4256 1117 4318 ταῖς
1137 4274 1218 4337 προ-

74 4357 174 4432 χοαῖς
197 4355 258 4415 roo
279 4353 398 4416 Νείλου.
432 4354 501 4416 Aut
524 4373 598 4416 cum
617 4352 778 4417 Meinelrio
803 4353 855 4418 εἴτ’
872 4353 935 4431 ἄρα
955 4353 1065 4420 Νείλου
1089 4353 1116 4419 ’ν
1139 4377 1218 4432 προ-
