3084 5228
326 395 368 458 96
751 403 868 458 Victor
887 402 1032 474 Coulon,

324 573 436 657 positis
464 574 511 638 ὅτ’
539 575 581 640 ad
608 577 685 639 ποτὲ
712 575 864 657 refertur,
899 595 964 640 non
988 574 1157 656 habemus,
1188 596 1247 641 cur
1275 579 1443 660 pronomini

323 676 439 742 τούτου
462 675 545 742 bene
573 696 608 741 se
636 677 766 742 habenti
789 678 889 742 fidem
912 678 1115 760 denegemus.
1147 679 1265 743 Suidae
1287 681 1350 763 ipsi
1377 680 1443 744 iliud

325 778 372 842 ὅτ’
397 780 525 843 crimini
548 780 738 844 vertendum
761 787 817 844 est
841 779 1035 845 “Nescimus
1058 800 1100 844 an
1119 782 1305 846 memoriter
1328 801 1444 846 versun

323 881 482 946 laudant’
507 889 594 947 recte
617 881 807 965 Bernhardy
831 884 864 946 in
889 883 993 946 adnot
1018 883 1066 946 ad.
1091 883 1120 946 h.
1136 884 1156 946 l.
1180 903 1203 947 s.
1221 904 1249 947 ν.
1273 884 1388 960 ducite.

414 985 454 1048 In
483 1005 510 1048 v.
534 987 620 1050 1499
648 985 735 1050 τοῦτ’
757 986 834 1049 αὐτὸ
863 987 924 1063 γὰρ
952 986 1002 1048 καὶ
1030 984 1180 1064 βούλομαι
1204 987 1225 1051 S
1255 987 1386 1052 exhibet
1406 991 1446 1052 καὶ

325 1089 442 1153 omisso
465 1089 535 1172 γάρ,
559 1089 645 1171 quod
670 1089 748 1152 dant
766 1088 825 1153 RV
849 1090 966 1153 ommso
990 1090 1047 1153 καί.
1080 1089 1222 1173 Utraque
1245 1090 1401 1173 particula
1420 1097 1448 1154 et

324 1211 422 1257 sensu
442 1196 475 1257 et
494 1196 594 1258 metro
609 1194 792 1276 requiritur.
817 1193 930 1276 Itaque
948 1192 988 1256 ab
1004 1191 1180 1257 editoribus
1197 1194 1284 1257 τοῦτ’
1301 1194 1378 1258 αὐτὸ
1395 1197 1447 1272 γὰρ

324 1300 374 1360 καὶ
393 1299 553 1378 βούλομαι,
573 1297 658 1381 quod
678 1298 712 1360 in
733 1296 797 1361 MA
815 1297 950 1379 aliisque
970 1295 1136 1360 codicibus
1155 1297 1305 1360 traditum
1326 1303 1384 1378 est,
1405 1317 1448 1361 re·

325 1381 454 1484 ceptum
473 1420 543 1465 esse
562 1401 670 1484 probo.
694 1401 876 1484 Scripturas
895 1405 1001 1464 autem
1019 1398 1077 1463 RV
1097 1406 1129 1463 et
1147 1399 1168 1464 S
1187 1400 1263 1465 inde
1282 1405 1367 1466 ortas
1386 1420 1448 1465 esse

324 1503 519 1568 verisimile
543 1509 605 1585 est,
634 1503 721 1587 quod
748 1505 783 1566 in
810 1504 986 1586 archetypo
1014 1504 1200 1566 coniunctio
1229 1507 1278 1567 καὶ
1305 1505 1341 1566 in
1364 1507 1450 1568 textu

325 1605 441 1670 omissa
463 1623 561 1689 supra
583 1609 643 1684 γὰρ
667 1606 786 1689 scripta
810 1612 895 1686 erat3
920 1625 984 1688 quo
1007 1605 1129 1669 iactum
1153 1613 1209 1687 est,
1233 1613 1269 1670 ut
1292 1607 1326 1669 in
1349 1605 1371 1670 S
1394 1607 1449 1685 γὰρ

324 1709 480 1773 vocabulo
504 1713 561 1792 καὶ,
585 1711 620 1772 in
644 1709 700 1774 RV
726 1713 776 1774 καὶ
799 1709 854 1774 illo
877 1712 937 1787 γὰρ
962 1729 979 1773 e
1003 1711 1158 1773 contextu
1183 1709 1351 1772 eiceretur.

842 1890 862 1970 s
888 1889 938 1952 12.

412 2017 451 2080 In
475 2017 577 2081 Plnti
606 2037 635 2080 ν.
657 2019 720 2081 801
746 2017 885 2082 ἀνίεταθ’
908 2018 952 2081 ωε
981 2016 1203 2095 ἅρπαεόμενοε
1227 2021 1294 2080 τῶν
1318 2017 1451 2094 ἰτχὰδων

323 2120 426 2204 Dind,
440 2121 546 2204 Mein,
558 2122 653 2203 Veis,
666 2121 718 2186 eiii
731 2121 870 2185 editores
882 2140 939 2203 pro
951 2122 1006 2184 τὰ(
1020 2119 1148 2199 ἰεχάδοε
1160 2119 1218 2183 RV
1232 2119 1450 2203 scripturamS

321 2233 389 2288 τὼν
406 2225 540 2302 Ιτχάδων
557 2225 675 2306 optimo
688 2224 759 2287 inre
771 2223 953 2288 defendisse
967 2223 1124 2304 videntur,
1136 2224 1173 2286 ut
1185 2241 1267 2305 quae
1279 2222 1450 2305 speciosior

323 2327 365 2390 sit
383 2328 525 2410 genitivo
542 2327 691 2409 partitive
710 2331 849 2409 recepto.
878 2326 924 2390 cf.
942 2325 1062 2389 similes
1077 2325 1257 2388 locutiones
1278 2323 1317 2387 ab
1335 2325 1450 2388 Ariste-
1533 2379 1534 2392 .

321 2429 427 2512 phane
446 2435 615 2512 usurpatas
630 2429 664 2492 in
680 2429 758 2493 Ach.
773 2431 836 2493 184
856 2430 1060 2503 ξυνελέγοντο
1078 2432 1144 2491 των
1161 2430 1268 2507 λίθων,
1288 2429 1352 2491 805
1370 2427 1450 2501 ἐνεγ-

322 2534 407 2597 κάτω
430 2554 475 2597 nc
497 2533 630 2596 ἔνδοθεν
651 2537 715 2595 τῶν
739 2531 887 2614 λτχόδων,
914 2533 972 2614 Eq.
989 2534 1054 2596 420
1078 2536 1145 2595 τῶν
1167 2535 1270 2607 κρεῶν
1292 2531 1449 2611 ἔκλεπτον,

322 2636 376 2700 Ρο.
391 2639 430 2699 77
436 2638 454 2700 2
472 2638 528 2701 bbc
543 2643 589 2719 τῷ
606 2640 762 2718 φαλακρῷ
777 2642 843 2700 τών
858 2637 1052 2716 τρωγαλίων,
1065 2635 1129 2699 962
1146 2638 1212 2699 τοῑε
1228 2638 1351 2697 θεαταῑ(
1368 2633 1450 2711 ῥῖπτε

322 2744 387 2802 τῶν
411 2744 541 2820 κριθῶν,
568 2740 653 2802 1102
678 2743 743 2803 τῶν
766 2740 956 2816 τττλάγχνων
979 2739 1060 2817 φέρε
1084 2739 1183 2818 δευρί,
1209 2738 1295 2800 1136
1319 2737 1449 2813 κάνθρα-

323 2845 417 2907 κίζων
440 2843 654 2922 τούρεβίνθου,
679 2842 814 2924 vp.239
838 2843 964 2920 ἥψομεν
979 2845 1038 2903 τοῦ
1062 2841 1230 2920 κορκόρου,
1254 2840 1324 2903 aliis
1348 2858 1408 2902 vss.

412 2946 550 3009 Avium
580 2966 607 3009 v.
629 2947 694 3009 336
719 2945 740 3009 S
770 2946 818 3008 sic
847 2944 994 3008 exhibet:
1029 2944 1107 3006 ἀλλὰ
1134 2943 1214 3019 πρὸ(
1243 2945 1299 3019 μὲν
1322 2941 1448 3005 τούτου(

323 3047 453 3125 ῧττεροτ
472 3049 576 3131 λόγος,
595 3048 654 3112 RV
673 3049 754 3128 πρὸ(
775 3051 831 3125 μὲν
851 3047 911 3111 οὖν
934 3047 1005 3129 (οὖν
1026 3065 1086 3108 om.
1108 3045 1170 3127 V1)
1192 3045 1250 3108 τὸν
1269 3043 1360 3121 ὄρνιν
1383 3044 1447 3120 ἡμῖν

323 3150 402 3215 ἐςτιν
432 3151 561 3229 ϋιτεροι
593 3153 696 3228 λόγος.
732 3149 927 3214 Fritzschius
957 3149 997 3212 ad
1026 3149 1081 3212 Th.
1104 3149 1168 3210 910
1199 3146 1371 3210 lectionem
1394 3143 1447 3209 RV

322 3254 490 3338 amplexus
510 3262 566 3336 est
591 3276 665 3319 cuni
684 3254 787 3336 Dino,
803 3254 909 3334 Mein,
925 3252 1034 3332 Koch,
1051 3249 1173 3331 mayn,
1196 3248 1250 3312 olii
1275 3248 1446 3312 Porsonum

323 3365 544 3440 sequerentur,
569 3359 624 3441 qui
648 3380 666 3422 a
689 3358 796 3422 verbis
816 3357 836 3421 S
860 3355 1025 3440 protectus
1048 3354 1127 3417 ἀλλὰ
1150 3353 1232 3429 πρὸ(
1256 3355 1372 3414 τοῦτον
1395 3352 1445 3427 μὲν

322 3463 394 3539 ἡμῖν
411 3461 489 3526 ἐςτιν
504 3461 633 3540 ὕετεροτ
649 3462 745 3536 λὸγοτ
760 3461 934 3544 proposuit
960 3458 1059 3522 Recte
1076 3455 1214 3520 editores
1230 3459 1342 3517 contin
1358 3453 1446 3516 Fritr-

323 3565 450 3628 schium
469 3585 644 3647 pronomen
667 3569 783 3628 τοῦτον
808 3563 1008 3626 substantivo
1032 3562 1089 3623 τὸν
1112 3557 1202 3634 ὄρνιν
1226 3556 1445 3638 praetulerunt

323 3667 431 3732 Verba
461 3669 549 3731 enim
576 3668 704 3746 iicrepoc
730 3669 824 3743 λόγοι
854 3665 1011 3730 sermonis
1040 3661 1178 3726 forensis
1208 3663 1293 3740 sunt,
1324 3659 1360 3721 in
1389 3673 1446 3739 quo

323 3771 417 3835 οὗτοι
444 3773 627 3835 vocatoris
651 3772 706 3854 qui
733 3775 909 3850 accusatur,
934 3770 971 3831 ut
993 3768 1055 3830 hoc
1078 3765 1148 3828 loco
1173 3782 1289 3846 upupa
1327 3760 1447 3844 Optime

323 3875 423 3957 igitur
451 3877 509 3937 toti
539 3876 717 3939 sententiae
748 3873 900 3937 convenit
929 3875 1043 3935 τοῦτον
1071 3868 1118 3931 iiii
1141 3870 1186 3930 τὼ
1215 3868 1252 3928 δὲ
1279 3866 1314 3928 in
1337 3885 1366 3926 r.
1388 3862 1444 3926 331

323 3979 514 4060 oppositum.
536 3981 657 4041 Ansam
665 3981 773 4041 autem
782 3977 888 4040 variae
896 3975 1073 4057 scripturae
1081 3969 1205 4035 dedisse
1215 3967 1446 4032 videturaocus.

322 4084 380 4146 τὸν
395 4081 493 4163 ὄρνιν,
513 4082 567 4164 qui
586 4081 670 4144 haud
688 4081 754 4144 scio
771 4099 812 4142 an
833 4097 907 4142 curn
923 4074 1092 4157 Biaydesio
1115 4073 1273 4156 glossema
1291 4068 1447 4154 putandus

323 4186 365 4249 sit
387 4185 427 4248 ed
445 4189 561 4250 τοῦτον
581 4184 657 4248 olim
675 4181 881 4265 adscriptum.
906 4181 1013 4261 Atque
1033 4178 1128 4242 etiam
1147 4176 1226 4240 ἀλλὰ
1244 4175 1298 4238 hic
1318 4173 1399 4237 bene
1417 4187 1448 4234 se

324 4289 426 4352 habet
451 4288 595 4352 Praestat
614 4293 700 4350 certe
722 4287 815 4348 initio
834 4283 947 4347 talium
971 4282 1062 4346 chori
1085 4279 1336 4358 emundatorum,
1360 4272 1448 4358 quale
