3058 5222
784 477 899 534 Victor
923 477 1068 548 Coulon‚

879 723 897 802 s
924 723 974 785 ro.

451 857 610 934 Quoniam
625 855 774 920 codicum
790 857 965 939 scripturas
981 861 1013 920 et
1028 877 1103 921 cum
1119 857 1251 920 scholiis
1266 858 1302 921 in
1317 861 1480 941 posteriora

360 963 422 1025 hoc
436 960 519 1024 libro
532 959 790 1043 comparavimus
802 961 836 1023 et
851 978 926 1023 oum
943 958 1042 1024 Suida
1057 960 1092 1022 in
1107 961 1215 1044 priore
1230 961 1293 1043 illo,
1307 963 1371 1025 iam
1382 964 1481 1045 paucis

361 1063 496 1140 dicatur,
519 1081 602 1145 quae
620 1063 702 1125 ratio
721 1063 806 1126 inter
822 1061 954 1126 Suidam
973 1062 1161 1145 scholisque
1180 1063 1383 1129 intercedam
1400 1065 1482 1128 nohis

360 1167 515 1232 videatur.

451 1271 644 1353 Priusquam
676 1275 784 1336 autam
814 1270 854 1334 ad
883 1273 970 1354 ipsas
998 1270 1232 1354 discrepantias
1260 1271 1483 1356 aggrediamur,

362 1393 492 1439 monere
516 1373 614 1438 liceat
631 1372 841 1455 Buangerum
864 1373 899 1435 in
922 1374 1101 1457 posteriora
1121 1373 1202 1438 libro
1222 1393 1281 1438 suo
1302 1377 1484 1458 comparatis

362 1476 481 1543 Suidae
504 1477 636 1540 scholiis
665 1495 739 1540 cum
769 1479 904 1558 utroque
929 1475 1078 1540 codicum
1101 1496 1220 1559 genere
1243 1478 1403 1560 (ll—VO)
1425 1498 1485 1560 pro

362 1581 505 1664 priisque
528 1579 750 1661 lexicographi
774 1577 1035 1643 adnotationibus
1062 1579 1196 1662 prolatis
1219 1601 1247 1664 p.
1266 1583 1332 1645 100
1356 1582 1406 1645 sic
1428 1583 1486 1644 eni·

361 1684 557 1748 stimavisse:
589 1681 812 1746 “secernenda
835 1701 906 1746 osse
930 1682 1052 1746 scholia
1072 1683 1216 1747 Suidana
1245 1703 1286 1748 ex
1307 1685 1422 1748 codice
1439 1683 1486 1745 ali·

362 1807 426 1870 quo
445 1787 495 1850 XI
515 1785 697 1849 tabularum
716 1783 1025 1868 Aristophanearum
1045 1785 1205 1870 descripta
1224 1787 1262 1850 ab
1283 1793 1423 1869 utroque
1441 1785 1486 1848 illo

364 1892 514 1956 codicum
536 1909 655 1974 genere
679 1896 711 1954 et
735 1889 933 1972 singularem
956 1895 1197 1973 repraesentare
1222 1889 1393 1955 classem”.
1427 1888 1487 1951 Hac

362 2003 471 2059 tamen
490 1995 677 2076 quaestione
696 1993 888 2076 Buangerus
911 2011 977 2056 non
996 1993 1134 2056 multum
1153 1997 1322 2057 assecutus
1341 1999 1401 2072 est,
1425 2011 1487 2055 cum

362 2099 398 2162 in
431 2098 552 2162 scholia
584 2096 780 2179 Lysistratae
814 2105 846 2160 et
876 2096 1291 2180 Thesmophorianusarum,
1325 2113 1411 2177 quae
1442 2113 1487 2156 er·

362 2203 496 2266 tenuata
514 2200 555 2264 ad
573 2219 632 2262 nos
652 2202 877 2283 pervenerunt,
901 2201 934 2264 et
956 2199 1120 2281 Equitum
1146 2217 1228 2281 quae
1251 2199 1286 2261 in
1306 2198 1336 2262 R
1355 2217 1423 2262 non
1441 2217 1487 2259 ex·

362 2309 433 2370 tant
447 2306 511 2368 nisi
527 2303 567 2366 ad
582 2323 645 2366 sss
663 2305 803 2384 1-214,
823 2303 989 2385 inquirere
1008 2304 1086 2367 satis
1105 2303 1245 2367 haberet.
1279 2302 1388 2380 Quam
1403 2321 1488 2385 quae

364 2409 502 2474 stioncm
527 2407 555 2470 si
580 2407 653 2488 quis
672 2405 839 2469 absolvere
858 2409 955 2487 atque
974 2406 1132 2489 perficere
1152 2405 1331 2482 conabitur,
1356 2406 1388 2470 ei
1406 2407 1488 2469 etiam
1520 2487 1521 2494 ἵ

363 2512 563 2594 reliquarum
591 2510 772 2574 fabularum
801 2510 882 2572 ratio
907 2509 1054 2574 habenda
1077 2511 1145 2574 erit
1179 2510 1207 2575 N
1211 2530 1249 2574 ec
1276 2531 1342 2574 non
1374 2515 1489 2594 praeter
1520 2523 1521 2583 l

363 2616 485 2680 scholia
508 2616 568 2678 RV
583 2613 765 2678 adhibenda
788 2617 865 2678 sunt
887 2614 1009 2678 scholia
1032 2614 1244 2678 Ambrosiano
1269 2615 1303 2678 M
1327 2614 1488 2697 adscripta,

363 2738 446 2802 quae
470 2719 556 2801 quod
580 2717 724 2781 nondum
749 2717 907 2780 exhausta
930 2717 996 2779 sint
1020 2716 1192 2780 dolendum
1217 2725 1275 2781 est

452 2821 520 2885 Iam
544 2824 581 2884 ut
599 2822 695 2884 statui
715 2821 824 2903 possit,
848 2840 928 2884 num
946 2819 1129 2883 tabularum
1149 2823 1267 2896 textus,
1291 2840 1356 2902 quo
1377 2821 1488 2884 lexico

362 2926 503 3008 graphus
528 2943 605 2987 usus
630 2930 691 3004 est,
715 2923 913 3004 separandus
937 2923 979 2985 sit
1003 2922 1042 2985 ab
1066 2941 1117 3002 eo,
1141 2923 1198 3005 qui
1222 2923 1357 2986 schohis
1382 2921 1489 2985 nostris

363 3027 483 3104 subest,
502 3029 664 3110 graviores
683 3025 841 3108 quaedam
860 3025 1039 3089 afferantur
1056 3025 1219 3106 lectiones,
1244 3025 1367 3106 quibus
1385 3024 1488 3090 Suidas

364 3153 382 3194 a
406 3131 536 3195 scholiis
560 3129 738 3212 discrepat:

380 3347 435 3386 vas.
569 3322 696 3386 Scholia
1169 3322 1284 3388 Suidas

843 3429 1016 3507 Equitum:

408 3545 450 3605 56
473 3545 676 3621 περιδραμὼν
1116 3547 1338 3621 παραδραμὼν

408 3645 447 3706 61
474 3641 530 3708 εἷθ’
548 3643 674 3721 ὁγὲρων
1124 3645 1142 3708 ὁ
1168 3649 1203 3709 δὲ
1226 3647 1335 3724 γέρων

408 3749 449 3811 70
474 3747 687 3812 ὀκταπλάειον
1115 3748 1347 3813 ὀκταπλαείονα

407 3853 424 3914 7
430 3853 448 3914 9
472 3853 518 3914 τὼ
543 3851 620 3929 χεῖρ’
957 3852 975 3929 ἡ
995 3854 1054 3929 μὲν
1073 3853 1138 3931 χεὶρ
1158 3847 1264 3932 (Sfflv,
1282 3855 1329 3915 τὼ
1350 3856 1408 3930 μὲν
1426 3847 1488 3930 χεῖρ’

1179 3951 1276 4036 Shad.)

384 4060 448 4122 379
473 4057 901 4140 cseqdrpellussemmaschol.
1127 4056 1330 4134 ἐκκοψόμεθα

474 4160 512 4242 V,
560 4161 757 4237 εκεψόμεεθα
803 4161 902 4224 schol.

473 4264 557 4347 Ald.)

384 4369 448 4432 382
473 4367 535 4446 ἄρα
557 4369 659 4444 πυρὸς
1142 4367 1192 4428 καὶ
1214 4364 1317 4441 πυρὸς
