3058 5222
324 495 389 557 ‘2⁸20
750 501 867 556 Victor
887 499 1030 568 Goulon,

324 673 391 738 solo
415 671 514 736 verbo
538 673 747 752 ἐξελεγχθέντ’
766 671 1029 756 coniungendum
1050 679 1082 738 et
1100 673 1199 738 αὐτόν
1214 673 1376 737 infinitivo
1393 695 1442 737 ιτα·

324 775 411 842 τάξαι
434 780 542 839 mente
565 775 749 840 addendum
773 779 829 840 est

414 877 453 940 In
476 899 505 942 v.
530 881 595 942 775
618 883 685 942 τῶν
709 879 895 953 ἀντιλογιῶν
924 881 973 942 καὶ
996 882 1150 957 λυγιςμῶν
1174 882 1223 942 καὶ
1247 884 1396 959 ςτροφῶν
1416 879 1443 940 in

324 980 382 1045 RV
392 985 555 1063 λυγιςμῶν,
572 980 660 1064 quod
676 982 771 1046 etiam
787 981 906 1046 lemma
919 982 1017 1046 schol.
1029 982 1152 1065 RVest
1168 983 1342 1047 invenitur.
1366 981 1445 1058 Quae

325 1103 390 1148 vox
401 1085 517 1148 ceteris
528 1083 695 1148 codicibus
707 1085 904 1167 confirmata,
918 1085 983 1148 nisi
993 1085 1078 1167 quod
1089 1085 1138 1149 M¹
1151 1090 1308 1164 λογιςμῶν
1318 1084 1446 1164 exhibet

325 1187 395 1250 sine
424 1186 521 1250 dubio
548 1189 690 1269 genuina
718 1193 778 1268 cst,
807 1189 996 1271 praesertim
1025 1208 1100 1252 cum
1126 1188 1233 1271 lepide
1261 1191 1448 1266 λυγιςμῶνο

324 1289 516 1353 luctantium
540 1309 687 1354 sermone
715 1289 756 1354 ad
783 1290 997 1374 sophistarum
1026 1289 1167 1355 artificia
1193 1291 1382 1354 translatum
1408 1291 1448 1352 sit

326 1391 440 1456 Varias
453 1397 560 1457 autem
572 1393 669 1456 schol.
682 1393 836 1458 lectiones
851 1397 1018 1476 λογιςμῶν,
1035 1397 1178 1474 καμπῶν,
1194 1398 1345 1472 καμπτῶν
1356 1411 1451 1474 gram-

324 1495 515 1558 maticorum
538 1494 856 1579 interpretationibus
880 1496 988 1561 deberi
1012 1496 1220 1560 manifestum
1243 1499 1300 1560 est.

416 1597 454 1660 In
474 1618 502 1662 v.
520 1600 585 1662 838
609 1599 637 1662 R
656 1599 827 1678 ἀθύρωτον
851 1600 950 1677 ςτόμα
967 1598 1107 1682 praebet,
1124 1599 1155 1661 V
1172 1603 1204 1662 et
1222 1598 1321 1663 schol.
1335 1599 1365 1660 V
1381 1599 1451 1661 ἀπύ-

327 1704 432 1765 λωτον
452 1701 564 1780 ςτόμαε
583 1703 773 1780 Φρύνιχος
792 1701 969 1779 ἀθύρωτον.
987 1703 1016 1766 οἱ
1032 1705 1069 1767 δὲ
1084 1701 1262 1782 γράφουςιν
1278 1701 1451 1765 ἀπύλωτον.

327 1803 424 1886 Apud
454 1802 586 1868 Suidam
614 1803 696 1868 duae
725 1804 946 1868 adnotationes
970 1803 1018 1867 ad.
1043 1805 1073 1867 h.
1097 1825 1126 1868 v.
1150 1803 1244 1868 nobis
1268 1809 1452 1868 occurnmt:

320 1906 499 1985 Ἀθύρωτον
524 1907 636 1984 ςτόμα·
666 1907 770 1971 ούτιιις
799 1907 978 1989 ἀθύρωτον,
1007 1909 1066 1971 οὐκ
1090 1907 1270 1972 ἀπύλωτον.
1301 1909 1453 1986 Ἀριςτο-

328 2010 451 2086 φάνης
474 2009 509 2070 ἐν
530 2007 705 2087 Βατράχοις
724 2013 773 2072 καὶ
789 2010 980 2088 Φρύνιχος
1004 2019 1036 2074 et
1059 2012 1237 2075 Ἀπύλιιιτον
1257 2013 1370 2086 ςτόμα·
1387 2008 1454 2072 det-
1519 2006 1523 2048 ἕ

328 2130 442 2191 ρωτον,
471 2111 537 2174 ἀλλ’
559 2111 617 2175 οὐκ
641 2113 818 2177 ἀπύλωτον.
847 2113 1114 2192 Ἀριςτοφύνης
1145 2111 1179 2176 ἐν
1209 2113 1385 2191 Βατράχοις
1412 2112 1455 2174 καὶ

329 2216 528 2295 Φρύνιχος.
562 2216 654 2293 Quod
674 2216 866 2282 Dindorfius
885 2218 1058 2301 plaudente
1078 2217 1202 2282 Koclrio
1225 2218 1253 2299 (I
1270 2218 1392 2281 390tr.
1409 2219 1456 2294 82>
1522 2211 1523 2250 ³

328 2317 552 2400 Phrynichum
583 2320 742 2384 comicum
771 2321 1015 2404 intellegentum
1043 2339 1115 2385 esse
1143 2321 1284 2401 censuit,
1313 2319 1347 2384 id
1375 2339 1457 2383 nunc

328 2420 502 2484 refutatum
526 2429 575 2486 est
598 2424 654 2505 eis,
679 2443 762 2505 quae
781 2424 1053 2488 Reitzensteinius
1076 2424 1111 2486 in
1130 2424 1220 2506 libro,
1245 2424 1326 2506 quid
1349 2423 1457 2487 inscri-
1523 2411 1524 2416 ’

328 2524 417 2588 bitur
440 2525 527 2590 “Der
542 2526 674 2609 Anfang
690 2527 746 2591 des
765 2527 927 2591 hexihons
944 2528 1001 2590 des
1017 2527 1185 2610 Photius’',
1210 2526 1249 2590 de
1274 2527 1457 2609 Phrynicho

328 2627 427 2691 lexici
449 2629 596 2692 Photiani
616 2637 747 2693 auctore
766 2630 950 2713 disputavit
975 2630 1031 2694 ubi
1050 2631 1155 2713 glossa
1174 2633 1284 2694 nostra
1302 2651 1333 2713 p.
1350 2633 1404 2710 43,
1420 2631 1456 2692 25
1524 2643 1525 2646 ’

329 2731 502 2795 invenitur.
537 2732 637 2796 Recte
661 2733 763 2816 igitur
786 2733 968 2798 Meinelrius
993 2731 1201 2797 iudicaverat.

419 2834 465 2897 In.
490 2855 518 2898 v.
545 2837 630 2899 1505
651 2839 700 2900 καὶ
718 2839 860 2900 τουτουςὶ
877 2840 952 2900 τοῑςι
971 2841 1131 2914 ποριςταῑς
1150 2835 1186 2899 R.
1206 2836 1341 2900 exhibet
1357 2841 1458 2914 codro,

331 2937 358 2996 V
383 2939 489 3001 τουτοϊ
511 2939 619 3021 (supra
635 2959 653 3001 a
669 2957 714 3021 pr.
731 2959 771 3002 m.
787 2958 834 3017 γρ.
851 2939 994 3019 τούτοις),
1011 2939 1167 3018 γράφεται
1186 2940 1236 3001 καὶ
1254 2942 1391 3002 τουτοιςὶ
1407 2937 1457 3000 Μ’.

328 3039 367 3103 Ιιι
391 3040 489 3104 schol.
514 3041 544 3102 V
568 3042 684 3104 lemma
708 3049 756 3104 est
778 3043 903 3105 τούτοις
927 3045 1002 3105 τοῖα
1026 3045 1192 3122 ποριςταῑς,
1217 3041 1271 3104 cui
1288 3041 1457 3124 explicatio

330 3143 375 3221 εἴη
401 3144 430 3206 δ’
447 3145 486 3208 ἂν
507 3145 650 3226 ςχοινίον,
675 3146 693 3208 ὃ
719 3145 895 3208 ἐπιδίδωςιν
911 3144 1016 3208 αὐτοῖς
1039 3143 1146 3206 addita
1162 3147 1218 3207 est.
1244 3142 1335 3219 Quae
1352 3165 1371 3206 a
1387 3144 1458 3206 lem-

329 3252 412 3310 mate
443 3265 574 3329 prorsus
604 3247 709 3310 aliena
738 3246 779 3309 ad
806 3247 996 3330 scripturam
1019 3246 1048 3309 R
1073 3250 1170 3310 τούτο
1193 3246 1246 3310 vel
1274 3247 1381 3311 simile
1407 3245 1457 3308 ali-

331 3348 411 3431 quid
434 3351 580 3433 pertinet,
605 3370 680 3413 cum
698 3352 836 3428 ςχοινίον
860 3349 1003 3432 intellegi
1024 3349 1203 3414 adnotetur.
1227 3349 1413 3414 Meinehius
1428 3351 1457 3410 in

330 3452 427 3514 Vind.
452 3453 640 3535 Ar.p.182
663 3455 797 3517 τουτοιςὶ
822 3473 895 3517 cum
919 3453 967 3516 M*
997 3453 1126 3535 scripsit
1149 3453 1295 3515 homines
1326 3455 1405 3516 istos
1429 3453 1456 3514 in

331 3555 454 3618 theatro
478 3555 627 3618 sedentes
651 3554 752 3638 digito
775 3556 881 3618 notari
904 3555 1085 3618 arbitratus
1110 3555 1174 3619 Sed
1198 3575 1273 3619 cum
1298 3574 1340 3618 ex
1366 3555 1457 3618 variis

332 3658 481 3722 codicum
509 3659 703 3722 lectionibus
732 3662 884 3743 appareat
906 3660 994 3722 hunc
1017 3658 1126 3722 locum
1150 3659 1368 3722 vetustissima
1394 3677 1458 3722 cor·

332 3762 456 3843 ruptela
475 3760 628 3846 laborare,
647 3781 712 3824 non
732 3761 843 3826 dubito
864 3782 937 3825 cum
957 3761 1090 3842 Koclri0,
1115 3761 1264 3842 Velseno,
1288 3760 1457 3843 Blaydesio

332 3864 462 3946 Berglrii
490 3862 745 3928 emendationem
775 3866 920 3928 τουτουςὶ
951 3863 1095 3947 probare,
1125 3883 1207 3945 quae
1235 3865 1339 3946 magis
1367 3883 1457 3946 quam

330 3969 462 4031 τουτοιςὶ
486 3967 564 4029 mihi
584 3967 710 4030 arridet.
735 3967 767 4030 U
799 3968 886 4030 enim
908 3967 943 4029 in
962 3987 990 4029 ν.
1019 3968 1104 4030 1504
1127 3969 1211 4030 τουτὶ
1234 3986 1290 4048 pro
1314 3966 1458 4030 substan-

330 4071 396 4134 tivo
419 4071 456 4134 τὸ
480 4072 571 4150 ξίφος
594 4071 698 4134 sicin
722 4075 831 4134 nostro
856 4090 884 4133 v.
908 4072 1051 4134 τούτουςὶ
1074 4089 1131 4152 pro
1146 4071 1220 4133 τοὺς
1246 4071 1387 4148 βρόχους
1411 4089 1458 4132 co·

331 4174 435 4237 micus
460 4172 551 4254 dixit
574 4174 594 4236 i.
620 4193 645 4236 e.
669 4173 812 4255 laqueos
837 4192 917 4254 quos
941 4172 1036 4237 Pluto
1059 4172 1223 4253 Aeschylo
1248 4171 1382 4236 daturus
1406 4177 1456 4235 est

419 4275 457 4338 In
482 4275 650 4340 Nubium
672 4296 700 4338 v,
715 4278 779 4338 274
799 4276 998 4340 ύττακούςατε
1021 4277 1185 4354 δεξάμεναι
1205 4277 1312 4339 θυςίαν
1329 4278 1378 4338 καὶ
1398 4279 1457 4338 τοῖς

330 4381 435 4460 ἱεροῖο
459 4384 596 4459 χαρεῖςαι
616 4381 774 4463 scriptura
793 4379 824 4441 V
840 4383 985 4458 φανεῖται
1000 4398 1058 4461 pro
1075 4383 1210 4458 χαρεῖςαι
1226 4378 1276 4460 (R)
1292 4377 1376 4442 haud
1394 4379 1457 4440 scio
