3184 5234
313 443 501 513 Quaestiones
520 443 635 500 criticae
653 442 684 498 in
702 442 899 512 Aristophanis
918 442 1036 498 fabulas.
1218 441 1237 504 9

640 705 712 788 §a

198 869 395 951 Priusquam
418 872 526 932 autem
548 865 589 930 ad
611 866 715 950 ipsam
738 866 937 948 quaestionis
959 866 1098 948 priorem
1116 873 1240 950 partem

104 971 339 1056 aggrediamur,
356 991 419 1054 qua
436 970 476 1034 de
488 969 715 1052 Aristophanis
725 968 812 1053 opud
823 967 954 1034 Suidam
967 972 1128 1054 excerptis
1141 970 1241 1037 disee-

104 1081 205 1157 ratur,
216 1075 280 1139 hoc
289 1092 465 1155 monemus,
478 1092 543 1136 non
554 1091 665 1137 omncs
674 1071 827 1154 reliquias
837 1092 854 1135 a
864 1071 1091 1156 lexicographo
1102 1093 1119 1138 e
1130 1074 1241 1140 codice

107 1179 345 1263 Aristophaneo
373 1178 505 1242 haustas
535 1193 614 1241 esse.
648 1175 866 1241 Inveniuntur
895 1178 981 1240 enlm
1011 1178 1241 1263 adnotationes,

107 1302 192 1366 quae
212 1282 307 1346 etiam
326 1283 361 1345 in
376 1279 535 1363 Hesychii
551 1279 603 1343 vel
618 1278 725 1343 Photii
741 1279 915 1346 lexico.vel
929 1282 963 1344 in
979 1279 1118 1346 Bekkeri
1135 1285 1241 1348 Aneo-

107 1386 193 1450 dotis
211 1385 264 1449 rel
283 1386 318 1447 in
336 1383 407 1447 aliis
426 1383 540 1448 lexicis
559 1388 753 1467 comparent.
778 1382 873 1466 Quas,
893 1404 966 1450 cum
986 1389 1157 1470 excerptae
1176 1388 1242 1450 sint

108 1507 152 1554 ex
177 1488 340 1554 veteribus
363 1487 488 1568 lexicis,
518 1493 630 1570 sponte
653 1506 691 1550 ao
715 1487 849 1550 oonsilio
873 1489 1111 1572 segregavimus
1135 1509 1153 1553 a
1177 1490 1241 1556 dis-

110 1591 277 1676 putatione
299 1596 416 1672 nostra,
444 1591 563 1674 quippe
591 1609 656 1672 qua
677 1590 713 1653 in
737 1589 854 1654 Suidac
883 1590 1096 1674 oodionmque
1120 1594 1241 1657 Aristo·

109 1695 308 1778 phaneornm
332 1694 488 1758 rationem
512 1693 701 1774 inquiratur.
737 1691 865 1757 Glossas
893 1697 999 1757 autem
1022 1694 1243 1780 lexicographi

107 1797 150 1861 ad
184 1797 410 1881 Aristophanis
444 1795 568 1860 fabulas
603 1797 801 1878 pertinentes
836 1798 1016 1878 quaestioni
1050 1797 1242 1882 subiungam

109 1903 155 1964 ita
179 1899 319 1982 quidem,
346 1905 385 1963 ut
406 1901 546 1984 primum
575 1917 628 1963 eas
651 1899 811 1983 proferam
835 1898 1065 1982 adnotationes,
1093 1921 1177 1984 quae
1201 1921 1242 1966 cx

109 2004 224 2069 codice
251 2003 488 2085 Aristophaneo
518 2001 649 2066 scholiis
680 2002 838 2067 instructo
871 2002 1049 2086 descriptae
1082 2004 1242 2086 ridentur,

109 2107 230 2171 deinde
257 2125 312 2171 eos
334 2105 423 2169 locos
448 2111 585 2186 enotom,
613 2105 669 2168 ubi
694 2105 825 2169 Suidam
853 2124 893 2169 ex
918 2111 1062 2170 veterum
1086 2127 1242 2190 gramma-

109 2211 249 2274 ticorum
272 2207 363 2272 libris
386 2208 531 2272 hausisse
555 2208 653 2272 ceteri
676 2209 733 2290 qui
752 2207 791 2272 ad
810 2227 869 2272 nos
885 2215 1104 2291 pervenerunt
1121 2209 1243 2274 lexico-

108 2313 224 2398 graphi
240 2317 404 2377 testantur.
429 2311 483 2376 Sic
501 2311 586 2375 enim
611 2311 638 2374 si
658 2310 731 2392 quis
748 2311 834 2376 huno
849 2310 994 2374 libellum
1010 2311 1103 2394 leget,
1120 2315 1243 2377 Aristo-

108 2416 226 2500 phanis
249 2414 334 2498 apud
350 2413 482 2480 Suidam
505 2414 657 2496 reliquias
673 2415 768 2479 facile
785 2434 822 2479 ao
838 2415 1004 2480 commode
1020 2413 1108 2478 adire
1126 2415 1244 2499 poterit

110 2522 143 2583 et
166 2519 229 2602 ipsi
252 2519 431 2600 unicnique
455 2519 527 2581 voci
552 2537 569 2581 e
594 2517 712 2582 Suidae
735 2517 840 2582 lexico
864 2519 898 2580 in
923 2517 1146 2582 dissertatione
1170 2539 1243 2603 pro-

107 2621 192 2686 latas
204 2621 342 2705 glossam
356 2641 446 2685 suam
459 2620 577 2685 addere
590 2621 846 2704 supersedemus.
869 2619 918 2684 De
931 2623 1000 2705 ipso
1014 2640 1089 2685 vero
1099 2621 1243 2686 locorum

109 2725 220 2789 indice
236 2725 297 2788 hoc
314 2724 511 2789 monendum
528 2729 584 2806 est,
608 2725 637 2786 si
653 2743 733 2806 quos
749 2743 862 2788 versus
876 2725 1125 2808 Aristophaneos
1141 2725 1243 2809 expli-

109 2827 232 2891 cationi
259 2827 418 2891 lemmatis
450 2825 573 2890 addidit
601 2826 862 2910 lexicographuS,
893 2845 946 2891 eos
975 2827 1118 2892 numeris
1146 2827 1243 2891 latius

109 2929 276 3013 dispositis
299 2929 489 3012 conspicuos
513 2947 584 2994 esse
607 2928 756 2993 redditos

199 3031 296 3097 Iurat
319 3033 458 3114 denique
474 3031 592 3096 Suidae
612 3039 845 3116 excerptorum,
861 3052 944 3115 quae
964 3032 1002 3096 ad
1019 3031 1244 3116 Aristophanis

109 3135 237 3199 fabulas
252 3136 426 3220 pertinent,
450 3153 608 3198 sumniam
631 3135 819 3201 subducere.
843 3135 938 3200 Locis
962 3136 1048 3200 3273
1073 3136 1243 3200 universae

109 3237 265 3302 undecim
289 3237 473 3302 comoediae
497 3259 516 3301 a
539 3236 638 3302 Suida
660 3240 884 3323 proferuntur:

110 3417 178 3471 Aah.
189 3416 244 3471 386
252 3415 324 3470 locis
333 3415 424 3486 iisque
433 3414 488 3470 354
497 3432 532 3471 ex
542 3415 602 3471 cod.
614 3416 701 3472 schol.
713 3417 859 3484 instructo,
869 3417 904 3471 32
915 3432 950 3470 ex
959 3420 1014 3470 vet.
1023 3417 1075 3470 lex.
1086 3416 1243 3486 descriptis.

110 3507 162 3560 AV·
190 3505 245 3560 410
282 3547 297 3573 Η
372 3547 387 3574 Η
430 3505 485 3560 384
509 3548 524 3574 Η
563 3547 578 3575 Η
648 3549 662 3573 Η
781 3549 794 3574 Η
868 3506 904 3559 26
926 3547 941 3574 Η
980 3547 995 3573 Η
1040 3548 1055 3574 Η
1157 3548 1172 3574 Η

112 3595 159 3650 Ee·
191 3595 243 3649 197
282 3635 298 3662 Η
371 3637 387 3665 Η
435 3595 487 3650 178
511 3637 526 3664 Η
566 3637 580 3664 Η
646 3638 660 3664 Η
779 3638 794 3664 Η
869 3596 904 3650 19
927 3637 942 3664 Η
981 3638 996 3664 Η
1040 3638 1055 3664 Η
1156 3638 1171 3664 Η

113 3685 161 3753 Eq'
190 3684 243 3739 ιω
282 3725 297 3752 Η
371 3726 387 3753 Η
433 3685 488 3740 430
512 3727 528 3754 Η
566 3726 581 3753 Η
647 3728 663 3753 Η
780 3728 795 3755 Η
869 3685 904 3739 36
928 3726 943 3754 Η
982 3727 996 3754 Η
1040 3727 1055 3754 Η
1157 3727 1172 3752 Η

113 3773 158 3828 LS'
191 3773 245 3828 m
283 3815 298 3844 Η
373 3815 389 3843 Η
437 3775 489 3828 184
512 3773 527 3844 Η
567 3817 581 3844 Η
647 3817 662 3842 Η
781 3817 796 3844 Η
870 3775 904 3829 22
929 3817 944 3844 Η
983 3815 998 3842 Η
1041 3817 1055 3842 Η
1157 3816 1173 3842 Η

114 3863 165 3918 Nb'
192 3863 246 3918 ⁴18
283 3906 299 3934 Η
374 3905 389 3932 Η
435 3864 487 3919 381
513 3906 528 3934 Η
567 3905 582 3932 Η
647 3905 663 3934 Η
781 3905 797 3931 Η
870 3864 905 3918 37
928 3906 943 3933 Η
983 3906 997 3932 Η
1040 3906 1056 3931 Η
1157 3905 1172 3932 Η

115 3953 160 4007 pc·
193 3953 246 4006 265
284 3993 299 4022 Η
374 3995 390 4022 Η
436 3952 490 4006 223
513 3995 528 4023 Η
568 3995 583 4021 Η
648 3995 664 4021 Η
782 3995 796 4020 Η
870 3953 905 4007 32
928 3994 944 4020 Η
982 3993 998 4019 Η
1041 3995 1056 4020 Η
1158 3995 1172 4020 Η

116 4041 154 4096 Pl*
193 4043 246 4096 259
284 4083 299 4110 Η
375 4083 390 4112 Η
436 4042 490 4096 240
514 4085 529 4112 Η
568 4085 583 4111 Η
649 4087 664 4112 Η
782 4084 796 4109 Η
872 4041 905 4096 19
928 4082 943 4109 Η
983 4083 998 4110 Η
1042 4083 1056 4109 Η
1159 4084 1173 4110 Η

161 4173 167 4185 “
285 4173 301 4201 Η
375 4173 390 4200 Η
436 4131 491 4186 304
514 4174 529 4200 Η
568 4175 583 4200 Η
649 4174 664 4202 Η
782 4173 797 4201 Η
870 4132 905 4186 29
928 4173 944 4200 Η
982 4172 998 4198 Η
1041 4172 1057 4199 Η
1159 4173 1173 4199 Η

158 4263 165 4274 ‘
282 4263 298 4290 Η
372 4263 389 4289 Η
436 4221 487 4276 121
513 4265 528 4291 Η
566 4265 582 4291 Η
648 4266 663 4290 Η
781 4263 796 4288 Η
871 4221 905 4276 16
928 4263 944 4289 Η
983 4264 998 4290 Η
1042 4262 1057 4287 Η
1158 4262 1173 4287 Η

372 4351 388 4378 Η
437 4310 488 4365 143
513 4353 528 4380 Η
568 4353 582 4378 Η
648 4354 663 4380 Η
781 4351 796 4380 Η
871 4309 905 4364 63
929 4352 944 4377 Η
983 4351 998 4378 Η
1042 4353 1057 4379 Η
1158 4351 1173 4377 Η
