<?xml version="1.0" encoding="UTF-8"?>
<!DOCTYPE html PUBLIC "-//W3C//DTD XHTML 1.0 Transitional//EN"
    "http://www.w3.org/TR/xhtml1/DTD/xhtml1-transitional.dtd">
<html xmlns="http://www.w3.org/1999/xhtml" xml:lang="en" lang="en">
 <head>
  <title>
</title>
<meta http-equiv="Content-Type" content="text/html;charset=utf-8" />
  <meta name='ocr-system' content='tesseract 3.04.00' />
  <meta name='ocr-capabilities' content='ocr_page ocr_carea ocr_par ocr_line ocrx_word'/>
</head>
<body>
  <div class='ocr_page' id='page_1' title='image "./dissertationesp00unkngoog_0115.png"; bbox 0 0 3084 5228; ppageno 0'>
   <div class='ocr_carea' id='block_1_1' title="bbox 328 426 1028 498">
    <p class='ocr_par' dir='ltr' id='par_1_1' title="bbox 328 426 1028 498">
     <span class='ocr_line' id='line_1_1' title="bbox 328 426 1028 498; baseline 0 -12"><span class='ocrx_word' id='word_1_1' title='bbox 328 426 391 488; x_wconf 84' lang='lat'>102</span> <span class='ocrx_word' id='word_1_2' title='bbox 750 429 865 484; x_wconf 83' lang='lat' dir='ltr'>Victor</span> <span class='ocrx_word' id='word_1_3' title='bbox 885 429 1028 498; x_wconf 88' lang='lat' dir='ltr'>Conlon,</span> 
     </span>
    </p>
   </div>
   <div class='ocr_carea' id='block_1_2' title="bbox 227 600 1447 3873">
    <p class='ocr_par' dir='ltr' id='par_1_2' title="bbox 324 600 1446 1508">
     <span class='ocr_line' id='line_1_2' title="bbox 416 600 1445 680; baseline -0.004 -14"><span class='ocrx_word' id='word_1_4' title='bbox 416 603 454 667; x_wconf 87' lang='lat' dir='ltr'>V.</span> <span class='ocrx_word' id='word_1_5' title='bbox 471 605 534 666; x_wconf 82' lang='lat'>392</span> <span class='ocrx_word' id='word_1_6' title='bbox 559 602 581 668; x_wconf 85' lang='lat' dir='ltr'>S</span> <span class='ocrx_word' id='word_1_7' title='bbox 604 602 652 666; x_wconf 84' lang='lat' dir='ltr'>oio</span> <span class='ocrx_word' id='word_1_8' title='bbox 671 602 817 666; x_wconf 87' lang='lat' dir='ltr'>exbibet:</span> <span class='ocrx_word' id='word_1_9' title='bbox 843 604 887 667; x_wconf 81' lang='grc' dir='ltr'>ὼε</span> <span class='ocrx_word' id='word_1_10' title='bbox 907 606 1021 680; x_wconf 85' lang='grc' dir='ltr'>εκῆψιν</span> <span class='ocrx_word' id='word_1_11' title='bbox 1040 603 1128 677; x_wconf 83' lang='grc' dir='ltr'>ἁγὼν</span> <span class='ocrx_word' id='word_1_12' title='bbox 1152 601 1247 666; x_wconf 73' lang='grc' dir='ltr'>οὗτοι</span> <span class='ocrx_word' id='word_1_13' title='bbox 1266 600 1306 664; x_wconf 84' lang='grc' dir='ltr'>οὐ</span> <span class='ocrx_word' id='word_1_14' title='bbox 1324 601 1445 677; x_wconf 77' lang='grc' dir='ltr'>πρατδέ</span> 
     </span>
     <span class='ocr_line' id='line_1_3' title="bbox 325 703 1446 787; baseline -0.004 -16"><span class='ocrx_word' id='word_1_15' title='bbox 325 712 416 787; x_wconf 70' lang='lat' dir='ltr'>ieron,</span> <span class='ocrx_word' id='word_1_16' title='bbox 432 705 460 770; x_wconf 88' lang='lat' dir='ltr'><strong>R</strong></span> <span class='ocrx_word' id='word_1_17' title='bbox 475 705 638 787; x_wconf 76' lang='lat' dir='ltr'>ceterique</span> <span class='ocrx_word' id='word_1_18' title='bbox 655 706 699 768; x_wconf 84' lang='grc' dir='ltr'>ὼε</span> <span class='ocrx_word' id='word_1_19' title='bbox 718 709 832 782; x_wconf 82' lang='grc' dir='ltr'>ιιιῆψιν</span> <span class='ocrx_word' id='word_1_20' title='bbox 848 753 950 768; x_wconf 92' lang='grc'><strong>.....</strong></span> <span class='ocrx_word' id='word_1_21' title='bbox 968 704 1027 769; x_wconf 81' lang='grc' dir='ltr'>οὐκ</span> <span class='ocrx_word' id='word_1_22' title='bbox 1042 705 1213 769; x_wconf 64' lang='lat' dir='ltr'>debltam.</span> <span class='ocrx_word' id='word_1_23' title='bbox 1236 703 1446 786; x_wconf 78' lang='lat' dir='ltr'><strong>Aristophanis</strong></span> 
     </span>
     <span class='ocr_line' id='line_1_4' title="bbox 324 807 1445 893; baseline -0.004 -19"><span class='ocrx_word' id='word_1_24' title='bbox 324 809 505 893; x_wconf 78' lang='lat' dir='ltr'>fragmentu</span> <span class='ocrx_word' id='word_1_25' title='bbox 523 811 552 888; x_wconf 84' lang='lat'>2,</span> <span class='ocrx_word' id='word_1_26' title='bbox 571 810 666 889; x_wconf 81' lang='grc'>1087,</span> <span class='ocrx_word' id='word_1_27' title='bbox 682 807 766 872; x_wconf 84' lang='lat' dir='ltr'>XIX</span> <span class='ocrx_word' id='word_1_28' title='bbox 791 807 841 891; x_wconf 87' lang='grc' dir='ltr'>[Κ.</span> <span class='ocrx_word' id='word_1_29' title='bbox 860 808 937 892; x_wconf 88' lang='grc'>331]</span> <span class='ocrx_word' id='word_1_30' title='bbox 966 809 1055 884; x_wconf 85' lang='grc' dir='ltr'>ἁγὼν</span> <span class='ocrx_word' id='word_1_31' title='bbox 1074 807 1236 886; x_wconf 82' lang='grc' dir='ltr'>πρόφατιν</span> <span class='ocrx_word' id='word_1_32' title='bbox 1261 807 1302 872; x_wconf 85' lang='grc' dir='ltr'>οὐ</span> <span class='ocrx_word' id='word_1_33' title='bbox 1325 807 1445 884; x_wconf 68' lang='grc' dir='ltr'>δέχεται,</span> 
     </span>
     <span class='ocr_line' id='line_1_5' title="bbox 326 907 1444 995; baseline -0.004 -20"><span class='ocrx_word' id='word_1_34' title='bbox 326 912 447 995; x_wconf 88' lang='lat' dir='ltr'>opinor,</span> <span class='ocrx_word' id='word_1_35' title='bbox 466 910 604 976; x_wconf 81' lang='lat' dir='ltr'>Cobetue</span> <span class='ocrx_word' id='word_1_36' title='bbox 623 915 655 974; x_wconf 88' lang='lat' dir='ltr'>et</span> <span class='ocrx_word' id='word_1_37' title='bbox 672 909 853 974; x_wconf 86' lang='lat' dir='ltr'>Meinekius</span> <span class='ocrx_word' id='word_1_38' title='bbox 872 910 1000 994; x_wconf 80' lang='lat' dir='ltr'>pellecti</span> <span class='ocrx_word' id='word_1_39' title='bbox 1018 915 1103 990; x_wconf 84' lang='lat' dir='ltr'>sunt,</span> <span class='ocrx_word' id='word_1_40' title='bbox 1123 913 1159 972; x_wconf 93' lang='lat' dir='ltr'>ut</span> <span class='ocrx_word' id='word_1_41' title='bbox 1178 911 1223 976; x_wconf 81' lang='lat' dir='ltr'>nbc</span> <span class='ocrx_word' id='word_1_42' title='bbox 1242 907 1444 986; x_wconf 81' lang='grc' dir='ltr'>τκῆψινάγὼν</span> 
     </span>
     <span class='ocr_line' id='line_1_6' title="bbox 325 1010 1446 1094; baseline -0.005 -16"><span class='ocrx_word' id='word_1_43' title='bbox 325 1013 420 1078; x_wconf 87' lang='grc' dir='ltr'>οὑτοτ</span> <span class='ocrx_word' id='word_1_44' title='bbox 432 1013 502 1090; x_wconf 86' lang='grc' dir='ltr'>οὐχὶ</span> <span class='ocrx_word' id='word_1_45' title='bbox 514 1014 632 1078; x_wconf 80' lang='grc' dir='ltr'>δέξεται</span> <span class='ocrx_word' id='word_1_46' title='bbox 644 1011 830 1076; x_wconf 85' lang='lat' dir='ltr'>seriberent</span> <span class='ocrx_word' id='word_1_47' title='bbox 847 1011 962 1094; x_wconf 80' lang='lat' dir='ltr'>Neque</span> <span class='ocrx_word' id='word_1_48' title='bbox 979 1031 1055 1076; x_wconf 88' lang='lat' dir='ltr'>vero</span> <span class='ocrx_word' id='word_1_49' title='bbox 1067 1012 1231 1094; x_wconf 78' lang='lat' dir='ltr'>intellego,</span> <span class='ocrx_word' id='word_1_50' title='bbox 1247 1010 1324 1093; x_wconf 91' lang='lat' dir='ltr'>qnid</span> <span class='ocrx_word' id='word_1_51' title='bbox 1355 1010 1446 1074; x_wconf 80' lang='lat' dir='ltr'>olien-</span> 
     </span>
     <span class='ocr_line' id='line_1_7' title="bbox 324 1115 1444 1201; baseline -0.007 -17"><span class='ocrx_word' id='word_1_52' title='bbox 324 1119 423 1184; x_wconf 84' lang='lat' dir='ltr'>sionis</span> <span class='ocrx_word' id='word_1_53' title='bbox 439 1116 589 1201; x_wconf 81' lang='lat' dir='ltr'>praebeat</span> <span class='ocrx_word' id='word_1_54' title='bbox 604 1118 816 1200; x_wconf 83' lang='lat' dir='ltr'>compositum</span> <span class='ocrx_word' id='word_1_55' title='bbox 832 1118 1004 1183; x_wconf 78' lang='grc' dir='ltr'>εἰεδέξεται.</span> <span class='ocrx_word' id='word_1_56' title='bbox 1021 1115 1103 1180; x_wconf 84' lang='lat' dir='ltr'>Nam</span> <span class='ocrx_word' id='word_1_57' title='bbox 1119 1135 1184 1180; x_wconf 92' lang='lat' dir='ltr'>non</span> <span class='ocrx_word' id='word_1_58' title='bbox 1199 1115 1304 1180; x_wconf 87' lang='lat' dir='ltr'>solum</span> <span class='ocrx_word' id='word_1_59' title='bbox 1319 1115 1444 1198; x_wconf 75' lang='lat' dir='ltr'>simplex</span> 
     </span>
     <span class='ocr_line' id='line_1_8' title="bbox 325 1217 1444 1303; baseline -0.003 -20"><span class='ocrx_word' id='word_1_60' title='bbox 325 1223 467 1298; x_wconf 85' lang='grc' dir='ltr'>δέχεεθαι</span> <span class='ocrx_word' id='word_1_61' title='bbox 490 1221 525 1284; x_wconf 91' lang='lat' dir='ltr'>in</span> <span class='ocrx_word' id='word_1_62' title='bbox 549 1219 608 1284; x_wconf 86' lang='lat' dir='ltr'>hec</span> <span class='ocrx_word' id='word_1_63' title='bbox 630 1219 853 1303; x_wconf 86' lang='lat' dir='ltr'>similibusque</span> <span class='ocrx_word' id='word_1_64' title='bbox 872 1219 1090 1284; x_wconf 85' lang='lat' dir='ltr'>locutionibus</span> <span class='ocrx_word' id='word_1_65' title='bbox 1113 1220 1263 1299; x_wconf 86' lang='lat' dir='ltr'>oeourrit,</span> <span class='ocrx_word' id='word_1_66' title='bbox 1283 1217 1444 1282; x_wconf 77' lang='lat' dir='ltr'>sedetiam</span> 
     </span>
     <span class='ocr_line' id='line_1_9' title="bbox 325 1322 1444 1406; baseline -0.004 -19"><span class='ocrx_word' id='word_1_67' title='bbox 325 1324 507 1406; x_wconf 75' lang='lat' dir='ltr'>composite,</span> <span class='ocrx_word' id='word_1_68' title='bbox 520 1341 546 1386; x_wconf 88' lang='lat' dir='ltr'>e.</span> <span class='ocrx_word' id='word_1_69' title='bbox 559 1342 587 1404; x_wconf 87' lang='lat' dir='ltr'>g.</span> <span class='ocrx_word' id='word_1_70' title='bbox 605 1323 623 1400; x_wconf 84' lang='grc' dir='ltr'>ἡ</span> <span class='ocrx_word' id='word_1_71' title='bbox 640 1323 700 1400; x_wconf 83' lang='grc' dir='ltr'>γὰρ</span> <span class='ocrx_word' id='word_1_72' title='bbox 719 1325 845 1400; x_wconf 84' lang='grc' dir='ltr'>τοιαύτη</span> <span class='ocrx_word' id='word_1_73' title='bbox 862 1323 941 1386; x_wconf 81' lang='grc' dir='ltr'>αἰτία</span> <span class='ocrx_word' id='word_1_74' title='bbox 957 1323 996 1386; x_wconf 86' lang='grc' dir='ltr'>οὐ</span> <span class='ocrx_word' id='word_1_75' title='bbox 1009 1323 1220 1400; x_wconf 82' lang='grc' dir='ltr'>παραδέχεται</span> <span class='ocrx_word' id='word_1_76' title='bbox 1236 1325 1348 1398; x_wconf 84' lang='grc' dir='ltr'>εκῆψιν</span> <span class='ocrx_word' id='word_1_77' title='bbox 1366 1322 1444 1384; x_wconf 73' lang='grc' dir='ltr'>οὐδε</span> 
     </span>
     <span class='ocr_line' id='line_1_10' title="bbox 325 1423 1444 1508; baseline -0.003 -19"><span class='ocrx_word' id='word_1_78' title='bbox 325 1427 395 1502; x_wconf 85' lang='grc' dir='ltr'>μίαν</span> <span class='ocrx_word' id='word_1_79' title='bbox 416 1426 550 1489; x_wconf 85' lang='grc' dir='ltr'>οὐδενὸτ</span> <span class='ocrx_word' id='word_1_80' title='bbox 571 1424 640 1488; x_wconf 83' lang='grc' dir='ltr'>οὐδ’</span> <span class='ocrx_word' id='word_1_81' title='bbox 657 1426 839 1502; x_wconf 82' lang='grc' dir='ltr'>ὑπωμοείαν</span> <span class='ocrx_word' id='word_1_82' title='bbox 860 1427 895 1488; x_wconf 93' lang='lat' dir='ltr'>in</span> <span class='ocrx_word' id='word_1_83' title='bbox 914 1425 1072 1508; x_wconf 88' lang='lat' dir='ltr'>Hyperid.</span> <span class='ocrx_word' id='word_1_84' title='bbox 1094 1444 1137 1487; x_wconf 89' lang='lat' dir='ltr'>or.</span> <span class='ocrx_word' id='word_1_85' title='bbox 1158 1425 1238 1504; x_wconf 81' lang='grc' dir='ltr'>ὑπὲρ</span> <span class='ocrx_word' id='word_1_86' title='bbox 1260 1423 1444 1489; x_wconf 82' lang='grc' dir='ltr'>Εὐξενίππου</span> 
     </span>
    </p>

    <p class='ocr_par' dir='ltr' id='par_1_3' title="bbox 227 1527 1447 2540">
     <span class='ocr_line' id='line_1_11' title="bbox 227 1527 1444 1612; baseline -0.004 -20"><span class='ocrx_word' id='word_1_87' title='bbox 227 1581 228 1585; x_wconf 59' lang='grc'>,</span> <span class='ocrx_word' id='word_1_88' title='bbox 324 1548 391 1612; x_wconf 84' lang='lat' dir='ltr'>oep.</span> <span class='ocrx_word' id='word_1_89' title='bbox 408 1527 506 1592; x_wconf 86' lang='lat' dir='ltr'>XXII</span> <span class='ocrx_word' id='word_1_90' title='bbox 525 1531 544 1609; x_wconf 59' lang='grc' dir='ltr'><strong><em>ξ</em></strong></span> <span class='ocrx_word' id='word_1_91' title='bbox 563 1531 579 1590; x_wconf 79' lang='lat'>7</span> <span class='ocrx_word' id='word_1_92' title='bbox 600 1527 703 1608; x_wconf 81' lang='lat' dir='ltr'>(Bless</span> <span class='ocrx_word' id='word_1_93' title='bbox 719 1548 748 1610; x_wconf 92' lang='lat' dir='ltr'>p.</span> <span class='ocrx_word' id='word_1_94' title='bbox 762 1529 804 1591; x_wconf 90' lang='lat'>38</span> <span class='ocrx_word' id='word_1_95' title='bbox 821 1528 869 1592; x_wconf 90' lang='lat' dir='ltr'>ed.</span> <span class='ocrx_word' id='word_1_96' title='bbox 888 1528 956 1604; x_wconf 78' lang='lat' dir='ltr'>Ill.)</span> <span class='ocrx_word' id='word_1_97' title='bbox 977 1532 1009 1592; x_wconf 88' lang='lat' dir='ltr'>et</span> <span class='ocrx_word' id='word_1_98' title='bbox 1029 1529 1118 1603; x_wconf 86' lang='grc' dir='ltr'>ἀγὼν</span> <span class='ocrx_word' id='word_1_99' title='bbox 1135 1528 1294 1606; x_wconf 87' lang='grc' dir='ltr'>πρόφατιν</span> <span class='ocrx_word' id='word_1_100' title='bbox 1313 1529 1404 1590; x_wconf 66' lang='lat' dir='ltr'>odet</span> <span class='ocrx_word' id='word_1_101' title='bbox 1433 1562 1444 1572; x_wconf 94' lang='lat'><em>-</em></span> 
     </span>
     <span class='ocr_line' id='line_1_12' title="bbox 325 1629 1445 1714; baseline -0.004 -20"><span class='ocrx_word' id='word_1_102' title='bbox 325 1632 445 1710; x_wconf 81' lang='grc' dir='ltr'>δέχεται</span> <span class='ocrx_word' id='word_1_103' title='bbox 471 1631 503 1692; x_wconf 92' lang='lat' dir='ltr'>in</span> <span class='ocrx_word' id='word_1_104' title='bbox 526 1629 669 1694; x_wconf 85' lang='lat' dir='ltr'>Peroem.</span> <span class='ocrx_word' id='word_1_105' title='bbox 698 1630 751 1693; x_wconf 85' lang='lat' dir='ltr'>Gr.</span> <span class='ocrx_word' id='word_1_106' title='bbox 775 1631 790 1694; x_wconf 96' lang='lat' dir='ltr'>I</span> <span class='ocrx_word' id='word_1_107' title='bbox 814 1649 844 1714; x_wconf 91' lang='lat' dir='ltr'>p.</span> <span class='ocrx_word' id='word_1_108' title='bbox 861 1631 904 1694; x_wconf 79' lang='lat'>44</span> <span class='ocrx_word' id='word_1_109' title='bbox 928 1629 1056 1712; x_wconf 86' lang='lat' dir='ltr'>(Zenob.</span> <span class='ocrx_word' id='word_1_110' title='bbox 1073 1629 1105 1694; x_wconf 90' lang='grc' dir='ltr'>ΙΙ</span> <span class='ocrx_word' id='word_1_111' title='bbox 1124 1632 1187 1712; x_wconf 85' lang='grc'>45).</span> <span class='ocrx_word' id='word_1_112' title='bbox 1212 1629 1258 1694; x_wconf 84' lang='lat' dir='ltr'>cf.</span> <span class='ocrx_word' id='word_1_113' title='bbox 1278 1630 1375 1694; x_wconf 81' lang='lat' dir='ltr'>eliam</span> <span class='ocrx_word' id='word_1_114' title='bbox 1392 1629 1445 1692; x_wconf 85' lang='lat' dir='ltr'>ulin</span> 
     </span>
     <span class='ocr_line' id='line_1_13' title="bbox 324 1732 1445 1816; baseline -0.002 -18"><span class='ocrx_word' id='word_1_115' title='bbox 324 1733 470 1816; x_wconf 79' lang='lat' dir='ltr'>exempla</span> <span class='ocrx_word' id='word_1_116' title='bbox 485 1735 518 1798; x_wconf 87' lang='lat' dir='ltr'>in</span> <span class='ocrx_word' id='word_1_117' title='bbox 531 1732 695 1814; x_wconf 87' lang='lat' dir='ltr'>Bleydesii</span> <span class='ocrx_word' id='word_1_118' title='bbox 715 1739 883 1797; x_wconf 87' lang='lat' dir='ltr'>comment.</span> <span class='ocrx_word' id='word_1_119' title='bbox 900 1754 930 1816; x_wconf 95' lang='lat' dir='ltr'>p.</span> <span class='ocrx_word' id='word_1_120' title='bbox 947 1735 1011 1797; x_wconf 80' lang='lat'>282</span> <span class='ocrx_word' id='word_1_121' title='bbox 1028 1737 1188 1816; x_wconf 82' lang='lat' dir='ltr'>congesta.</span> <span class='ocrx_word' id='word_1_122' title='bbox 1208 1732 1279 1808; x_wconf 80' lang='lat' dir='ltr'>Qua</span> <span class='ocrx_word' id='word_1_123' title='bbox 1297 1732 1338 1796; x_wconf 90' lang='lat' dir='ltr'>de</span> <span class='ocrx_word' id='word_1_124' title='bbox 1358 1752 1445 1796; x_wconf 75' lang='lat' dir='ltr'>ceusu</span> 
     </span>
     <span class='ocr_line' id='line_1_14' title="bbox 324 1836 1445 1918; baseline -0.003 -17"><span class='ocrx_word' id='word_1_125' title='bbox 324 1858 397 1901; x_wconf 87' lang='lat' dir='ltr'>oum</span> <span class='ocrx_word' id='word_1_126' title='bbox 407 1837 584 1917; x_wconf 83' lang='lat' dir='ltr'>Dindoriio,</span> <span class='ocrx_word' id='word_1_127' title='bbox 593 1837 738 1917; x_wconf 80' lang='lat' dir='ltr'>Bergli0,</span> <span class='ocrx_word' id='word_1_128' title='bbox 747 1836 928 1918; x_wconf 85' lang='lat' dir='ltr'>Bleydesio,</span> <span class='ocrx_word' id='word_1_129' title='bbox 941 1836 1011 1900; x_wconf 81' lang='lat' dir='ltr'>aliis</span> <span class='ocrx_word' id='word_1_130' title='bbox 1024 1837 1186 1903; x_wconf 80' lang='grc' dir='ltr'>εἰτδέξεται</span> <span class='ocrx_word' id='word_1_131' title='bbox 1197 1836 1338 1900; x_wconf 88' lang='lat' dir='ltr'>retinere</span> <span class='ocrx_word' id='word_1_132' title='bbox 1350 1836 1445 1912; x_wconf 77' lang='lat' dir='ltr'>velim,</span> 
     </span>
     <span class='ocr_line' id='line_1_15' title="bbox 324 1939 1444 2024; baseline -0.004 -20"><span class='ocrx_word' id='word_1_133' title='bbox 324 1943 442 2024; x_wconf 90' lang='lat' dir='ltr'>quippe</span> <span class='ocrx_word' id='word_1_134' title='bbox 469 1940 555 2023; x_wconf 93' lang='lat' dir='ltr'>quod</span> <span class='ocrx_word' id='word_1_135' title='bbox 590 1941 739 2004; x_wconf 85' lang='lat' dir='ltr'>omnibus</span> <span class='ocrx_word' id='word_1_136' title='bbox 763 1939 928 2004; x_wconf 85' lang='lat' dir='ltr'>codicibus</span> <span class='ocrx_word' id='word_1_137' title='bbox 952 1940 1148 2005; x_wconf 83' lang='lat' dir='ltr'>adservetur.</span> <span class='ocrx_word' id='word_1_138' title='bbox 1184 1939 1314 2003; x_wconf 80' lang='lat' dir='ltr'>Suidam</span> <span class='ocrx_word' id='word_1_139' title='bbox 1345 1943 1444 2002; x_wconf 75' lang='lat' dir='ltr'>eutem</span> 
     </span>
     <span class='ocr_line' id='line_1_16' title="bbox 323 2041 1447 2126; baseline -0.003 -20"><span class='ocrx_word' id='word_1_140' title='bbox 323 2044 460 2108; x_wconf 82' lang='lat' dir='ltr'>libenter</span> <span class='ocrx_word' id='word_1_141' title='bbox 482 2043 545 2108; x_wconf 86' lang='lat' dir='ltr'>elie</span> <span class='ocrx_word' id='word_1_142' title='bbox 562 2043 738 2126; x_wconf 82' lang='lat' dir='ltr'>composite</span> <span class='ocrx_word' id='word_1_143' title='bbox 756 2047 852 2126; x_wconf 85' lang='lat' dir='ltr'>atque</span> <span class='ocrx_word' id='word_1_144' title='bbox 871 2042 999 2107; x_wconf 87' lang='lat' dir='ltr'>oodioes</span> <span class='ocrx_word' id='word_1_145' title='bbox 1015 2041 1168 2125; x_wconf 82' lang='lat' dir='ltr'>praebere</span> <span class='ocrx_word' id='word_1_146' title='bbox 1184 2047 1383 2124; x_wconf 80' lang='lat' dir='ltr'>compertum</span> <span class='ocrx_word' id='word_1_147' title='bbox 1400 2041 1447 2104; x_wconf 87' lang='lat' dir='ltr'>be·</span> 
     </span>
     <span class='ocr_line' id='line_1_17' title="bbox 324 2145 1445 2229; baseline -0.001 -20"><span class='ocrx_word' id='word_1_148' title='bbox 324 2147 443 2210; x_wconf 89' lang='lat' dir='ltr'>bemus.</span> <span class='ocrx_word' id='word_1_149' title='bbox 467 2145 550 2210; x_wconf 79' lang='lat' dir='ltr'>Setis</span> <span class='ocrx_word' id='word_1_150' title='bbox 566 2151 615 2209; x_wconf 88' lang='lat' dir='ltr'>est</span> <span class='ocrx_word' id='word_1_151' title='bbox 630 2146 687 2228; x_wconf 80' lang='lat' dir='ltr'>Ilq.</span> <span class='ocrx_word' id='word_1_152' title='bbox 701 2147 765 2208; x_wconf 77' lang='lat'>546</span> <span class='ocrx_word' id='word_1_153' title='bbox 783 2147 985 2224; x_wconf 85' lang='grc' dir='ltr'>ἀπαπέμψατ’</span> <span class='ocrx_word' id='word_1_154' title='bbox 998 2165 1055 2229; x_wconf 88' lang='lat' dir='ltr'>pro</span> <span class='ocrx_word' id='word_1_155' title='bbox 1071 2166 1200 2226; x_wconf 82' lang='grc' dir='ltr'>παραπ,</span> <span class='ocrx_word' id='word_1_156' title='bbox 1217 2145 1262 2209; x_wconf 91' lang='lat' dir='ltr'>Pl.</span> <span class='ocrx_word' id='word_1_157' title='bbox 1276 2146 1341 2208; x_wconf 80' lang='lat'>675</span> <span class='ocrx_word' id='word_1_158' title='bbox 1356 2146 1445 2223; x_wconf 73' lang='lat' dir='ltr'>doro</span> 
     </span>
     <span class='ocr_line' id='line_1_18' title="bbox 322 2247 1444 2333; baseline -0.004 -21"><span class='ocrx_word' id='word_1_159' title='bbox 322 2251 413 2312; x_wconf 84' lang='grc' dir='ltr'>πύεαι</span> <span class='ocrx_word' id='word_1_160' title='bbox 438 2269 496 2333; x_wconf 90' lang='lat' dir='ltr'>pro</span> <span class='ocrx_word' id='word_1_161' title='bbox 516 2251 636 2330; x_wconf 80' lang='grc' dir='ltr'>ἐφερπ,</span> <span class='ocrx_word' id='word_1_162' title='bbox 658 2249 717 2331; x_wconf 84' lang='lat' dir='ltr'>Vp.</span> <span class='ocrx_word' id='word_1_163' title='bbox 733 2251 797 2313; x_wconf 88' lang='grc'>610</span> <span class='ocrx_word' id='word_1_164' title='bbox 822 2249 1040 2313; x_wconf 85' lang='grc' dir='ltr'>ἑπιθωπεῦταν</span> <span class='ocrx_word' id='word_1_165' title='bbox 1065 2269 1122 2331; x_wconf 91' lang='lat' dir='ltr'>pro</span> <span class='ocrx_word' id='word_1_166' title='bbox 1143 2249 1244 2329; x_wconf 68' lang='lat' dir='ltr'>beroe,</span> <span class='ocrx_word' id='word_1_167' title='bbox 1266 2249 1346 2312; x_wconf 82' lang='lat' dir='ltr'>Aen.</span> <span class='ocrx_word' id='word_1_168' title='bbox 1367 2247 1444 2310; x_wconf 79' lang='lat'>1153</span> 
     </span>
     <span class='ocr_line' id='line_1_19' title="bbox 323 2350 1445 2435; baseline -0.004 -19"><span class='ocrx_word' id='word_1_169' title='bbox 323 2353 506 2416; x_wconf 87' lang='grc' dir='ltr'>ἀπολέτειεν</span> <span class='ocrx_word' id='word_1_170' title='bbox 531 2373 587 2435; x_wconf 88' lang='lat' dir='ltr'>pro</span> <span class='ocrx_word' id='word_1_171' title='bbox 614 2354 702 2434; x_wconf 74' lang='grc' dir='ltr'>ἐξολ,</span> <span class='ocrx_word' id='word_1_172' title='bbox 735 2353 789 2416; x_wconf 76' lang='lat' dir='ltr'>lio.</span> <span class='ocrx_word' id='word_1_173' title='bbox 810 2355 873 2416; x_wconf 76' lang='lat'>688</span> <span class='ocrx_word' id='word_1_174' title='bbox 905 2353 1047 2418; x_wconf 79' lang='grc' dir='ltr'>ἐξελῶτιν</span> <span class='ocrx_word' id='word_1_175' title='bbox 1075 2371 1131 2434; x_wconf 90' lang='lat' dir='ltr'>pro</span> <span class='ocrx_word' id='word_1_176' title='bbox 1161 2351 1257 2432; x_wconf 79' lang='grc' dir='ltr'>ἀττελ,</span> <span class='ocrx_word' id='word_1_177' title='bbox 1285 2351 1351 2413; x_wconf 85' lang='grc'>939</span> <span class='ocrx_word' id='word_1_178' title='bbox 1378 2350 1445 2412; x_wconf 86' lang='grc' dir='ltr'>ἀνα-</span> 
     </span>
     <span class='ocr_line' id='line_1_20' title="bbox 323 2456 820 2540; baseline 0.002 -22"><span class='ocrx_word' id='word_1_179' title='bbox 323 2459 474 2532; x_wconf 81' lang='grc' dir='ltr'>τποδῆται</span> <span class='ocrx_word' id='word_1_180' title='bbox 492 2475 549 2540; x_wconf 90' lang='lat' dir='ltr'>pro</span> <span class='ocrx_word' id='word_1_181' title='bbox 571 2460 671 2520; x_wconf 77' lang='grc' dir='ltr'>διατπ.</span> <span class='ocrx_word' id='word_1_182' title='bbox 695 2456 820 2520; x_wconf 80' lang='lat' dir='ltr'>efferre.</span> 
     </span>
    </p>

    <p class='ocr_par' dir='ltr' id='par_1_4' title="bbox 321 2557 1445 3873">
     <span class='ocr_line' id='line_1_21' title="bbox 412 2557 1445 2637; baseline 0 -17"><span class='ocrx_word' id='word_1_183' title='bbox 412 2558 450 2621; x_wconf 82' lang='lat' dir='ltr'>V.</span> <span class='ocrx_word' id='word_1_184' title='bbox 468 2561 532 2623; x_wconf 88' lang='grc'>610</span> <span class='ocrx_word' id='word_1_185' title='bbox 556 2561 604 2622; x_wconf 81' lang='lat' dir='ltr'>oio</span> <span class='ocrx_word' id='word_1_186' title='bbox 623 2559 774 2622; x_wconf 77' lang='lat' dir='ltr'>truditur:</span> <span class='ocrx_word' id='word_1_187' title='bbox 800 2559 859 2637; x_wconf 81' lang='grc' dir='ltr'>ἢδη</span> <span class='ocrx_word' id='word_1_188' title='bbox 879 2559 1111 2636; x_wconf 82' lang='grc' dir='ltr'>πεπρέτβευκατ</span> <span class='ocrx_word' id='word_1_189' title='bbox 1135 2558 1170 2622; x_wconf 87' lang='grc' dir='ltr'>τύ</span> <span class='ocrx_word' id='word_1_190' title='bbox 1192 2560 1303 2622; x_wconf 86' lang='grc' dir='ltr'>πολιὸε</span> <span class='ocrx_word' id='word_1_191' title='bbox 1327 2557 1374 2619; x_wconf 85' lang='grc' dir='ltr'>ὢν</span> <span class='ocrx_word' id='word_1_192' title='bbox 1397 2558 1445 2632; x_wconf 65' lang='lat' dir='ltr'>inq</span> 
     </span>
     <span class='ocr_line' id='line_1_22' title="bbox 322 2657 1444 2743; baseline -0.003 -20"><span class='ocrx_word' id='word_1_193' title='bbox 322 2659 355 2724; x_wconf 92' lang='lat' dir='ltr'>iu</span> <span class='ocrx_word' id='word_1_194' title='bbox 380 2660 401 2724; x_wconf 84' lang='lat' dir='ltr'>S</span> <span class='ocrx_word' id='word_1_195' title='bbox 425 2663 569 2738; x_wconf 77' lang='grc' dir='ltr'>(ὢνένῆ</span> <span class='ocrx_word' id='word_1_196' title='bbox 593 2657 756 2743; x_wconf 61' lang='lat' dir='ltr'>SAVffll,</span> <span class='ocrx_word' id='word_1_197' title='bbox 781 2661 844 2738; x_wconf 85' lang='grc' dir='ltr'>ὤν;</span> <span class='ocrx_word' id='word_1_198' title='bbox 870 2680 924 2737; x_wconf 88' lang='grc' dir='ltr'>ενη</span> <span class='ocrx_word' id='word_1_199' title='bbox 946 2661 1016 2740; x_wconf 86' lang='lat' dir='ltr'>(sio)</span> <span class='ocrx_word' id='word_1_200' title='bbox 1035 2660 1068 2723; x_wconf 92' lang='lat' dir='ltr'>in</span> <span class='ocrx_word' id='word_1_201' title='bbox 1089 2659 1125 2738; x_wconf 86' lang='lat' dir='ltr'>R,</span> <span class='ocrx_word' id='word_1_202' title='bbox 1151 2660 1198 2722; x_wconf 80' lang='lat' dir='ltr'>dnn</span> <span class='ocrx_word' id='word_1_203' title='bbox 1220 2660 1295 2736; x_wconf 85' lang='grc' dir='ltr'>ένῆ</span> <span class='ocrx_word' id='word_1_204' title='bbox 1320 2660 1353 2722; x_wconf 94' lang='lat' dir='ltr'>in</span> <span class='ocrx_word' id='word_1_205' title='bbox 1379 2662 1444 2722; x_wconf 83' lang='lat' dir='ltr'>cett</span> 
     </span>
     <span class='ocr_line' id='line_1_23' title="bbox 323 2762 1444 2841; baseline -0.002 -15"><span class='ocrx_word' id='word_1_206' title='bbox 323 2763 662 2828; x_wconf 85' lang='lat' dir='ltr'>uodd.Ve1·bnsohol.</span> <span class='ocrx_word' id='word_1_207' title='bbox 687 2763 790 2828; x_wconf 75' lang='grc' dir='ltr'>οὕτω(</span> <span class='ocrx_word' id='word_1_208' title='bbox 816 2765 850 2827; x_wconf 84' lang='grc' dir='ltr'>ἐν</span> <span class='ocrx_word' id='word_1_209' title='bbox 874 2767 938 2826; x_wconf 86' lang='grc' dir='ltr'>τοῑτ</span> <span class='ocrx_word' id='word_1_210' title='bbox 964 2762 1192 2840; x_wconf 84' lang='grc' dir='ltr'>ἀκριβεττάτοιτ</span> <span class='ocrx_word' id='word_1_211' title='bbox 1218 2763 1281 2839; x_wconf 82' lang='grc' dir='ltr'>ἕνη,</span> <span class='ocrx_word' id='word_1_212' title='bbox 1302 2763 1358 2825; x_wconf 79' lang='grc' dir='ltr'>ἵνα</span> <span class='ocrx_word' id='word_1_213' title='bbox 1376 2764 1444 2841; x_wconf 83' lang='grc' dir='ltr'>λέγῃ</span> 
     </span>
     <span class='ocr_line' id='line_1_24' title="bbox 323 2863 1445 2950; baseline -0.004 -20"><span class='ocrx_word' id='word_1_214' title='bbox 323 2867 357 2930; x_wconf 81' lang='grc' dir='ltr'>ἐκ</span> <span class='ocrx_word' id='word_1_215' title='bbox 380 2870 499 2931; x_wconf 86' lang='grc' dir='ltr'>πολλοῦ</span> <span class='ocrx_word' id='word_1_216' title='bbox 524 2887 628 2950; x_wconf 86' lang='lat' dir='ltr'>nugee</span> <span class='ocrx_word' id='word_1_217' title='bbox 653 2869 736 2929; x_wconf 82' lang='lat' dir='ltr'>sunt</span> <span class='ocrx_word' id='word_1_218' title='bbox 761 2866 857 2930; x_wconf 90' lang='lat' dir='ltr'>Huno</span> <span class='ocrx_word' id='word_1_219' title='bbox 876 2866 983 2930; x_wconf 87' lang='lat' dir='ltr'>locum</span> <span class='ocrx_word' id='word_1_220' title='bbox 1002 2883 1116 2928; x_wconf 86' lang='lat' dir='ltr'>seuere</span> <span class='ocrx_word' id='word_1_221' title='bbox 1139 2863 1360 2947; x_wconf 79' lang='lat' dir='ltr'>“grammatici</span> <span class='ocrx_word' id='word_1_222' title='bbox 1384 2883 1445 2927; x_wconf 88' lang='lat' dir='ltr'>oer-</span> 
     </span>
     <span class='ocr_line' id='line_1_25' title="bbox 323 2968 1445 3042; baseline -0.002 -10"><span class='ocrx_word' id='word_1_223' title='bbox 323 2971 391 3032; x_wconf 83' lang='lat' dir='ltr'>tent</span> <span class='ocrx_word' id='word_1_224' title='bbox 406 2973 438 3032; x_wconf 91' lang='lat' dir='ltr'>et</span> <span class='ocrx_word' id='word_1_225' title='bbox 452 2969 557 3033; x_wconf 88' lang='lat' dir='ltr'>edbuo</span> <span class='ocrx_word' id='word_1_226' title='bbox 572 2969 632 3032; x_wconf 83' lang='lat' dir='ltr'>sub</span> <span class='ocrx_word' id='word_1_227' title='bbox 649 2969 755 3032; x_wconf 88' lang='lat' dir='ltr'>indioe</span> <span class='ocrx_word' id='word_1_228' title='bbox 772 2969 811 3032; x_wconf 86' lang='lat' dir='ltr'>lis</span> <span class='ocrx_word' id='word_1_229' title='bbox 828 2969 907 3032; x_wconf 86' lang='lat' dir='ltr'>est&#39;&#39;.</span> <span class='ocrx_word' id='word_1_230' title='bbox 927 2969 972 3032; x_wconf 93' lang='lat' dir='ltr'>Ut</span> <span class='ocrx_word' id='word_1_231' title='bbox 988 2970 1129 3032; x_wconf 75' lang='lat' dir='ltr'>omittam</span> <span class='ocrx_word' id='word_1_232' title='bbox 1146 2968 1224 3032; x_wconf 87' lang='lat' dir='ltr'>elios</span> <span class='ocrx_word' id='word_1_233' title='bbox 1239 2968 1445 3042; x_wconf 72' lang='lat' dir='ltr'>oonieotnme</span> 
     </span>
     <span class='ocr_line' id='line_1_26' title="bbox 324 3070 1444 3154; baseline -0.002 -18"><span class='ocrx_word' id='word_1_234' title='bbox 324 3071 510 3136; x_wconf 84' lang='lat' dir='ltr'>Dindoriiuo</span> <span class='ocrx_word' id='word_1_235' title='bbox 526 3073 588 3150; x_wconf 71' lang='lat' dir='ltr'>div,</span> <span class='ocrx_word' id='word_1_236' title='bbox 614 3074 668 3152; x_wconf 74' lang='grc' dir='ltr'>ένὶ,</span> <span class='ocrx_word' id='word_1_237' title='bbox 688 3071 846 3154; x_wconf 84' lang='lat' dir='ltr'>Berglrius</span> <span class='ocrx_word' id='word_1_238' title='bbox 870 3071 915 3134; x_wconf 87' lang='grc' dir='ltr'>ὤν</span> <span class='ocrx_word' id='word_1_239' title='bbox 936 3091 971 3145; x_wconf 93' lang='grc' dir='ltr'>γε</span> <span class='ocrx_word' id='word_1_240' title='bbox 990 3074 1058 3152; x_wconf 86' lang='grc' dir='ltr'>νῦν,</span> <span class='ocrx_word' id='word_1_241' title='bbox 1077 3070 1268 3152; x_wconf 80' lang='lat' dir='ltr'>Bleydeoius</span> <span class='ocrx_word' id='word_1_242' title='bbox 1287 3071 1335 3135; x_wconf 84' lang='grc' dir='ltr'>ὢν</span> <span class='ocrx_word' id='word_1_243' title='bbox 1355 3071 1444 3146; x_wconf 80' lang='grc' dir='ltr'>ἀνήρ;</span> 
     </span>
     <span class='ocr_line' id='line_1_27' title="bbox 324 3169 1442 3253; baseline -0.004 -18"><span class='ocrx_word' id='word_1_244' title='bbox 324 3175 373 3239; x_wconf 83' lang='lat' dir='ltr'>rel</span> <span class='ocrx_word' id='word_1_245' title='bbox 397 3175 444 3237; x_wconf 87' lang='grc' dir='ltr'>ὢν</span> <span class='ocrx_word' id='word_1_246' title='bbox 463 3177 584 3253; x_wconf 84' lang='grc' dir='ltr'>γέρων;</span> <span class='ocrx_word' id='word_1_247' title='bbox 610 3174 661 3238; x_wconf 89' lang='lat' dir='ltr'>vel</span> <span class='ocrx_word' id='word_1_248' title='bbox 685 3175 731 3237; x_wconf 84' lang='grc' dir='ltr'>ὢν</span> <span class='ocrx_word' id='word_1_249' title='bbox 755 3173 854 3251; x_wconf 73' lang='grc' dir='ltr'>ἅπαξς</span> <span class='ocrx_word' id='word_1_250' title='bbox 880 3173 932 3237; x_wconf 89' lang='lat' dir='ltr'>vel</span> <span class='ocrx_word' id='word_1_251' title='bbox 956 3173 1002 3236; x_wconf 87' lang='grc' dir='ltr'>ὤν</span> <span class='ocrx_word' id='word_1_252' title='bbox 1026 3194 1110 3250; x_wconf 73' lang='grc' dir='ltr'>τινας</span> <span class='ocrx_word' id='word_1_253' title='bbox 1136 3172 1186 3235; x_wconf 83' lang='lat' dir='ltr'>vel</span> <span class='ocrx_word' id='word_1_254' title='bbox 1211 3172 1257 3235; x_wconf 88' lang='grc' dir='ltr'>ὤν</span> <span class='ocrx_word' id='word_1_255' title='bbox 1280 3193 1375 3249; x_wconf 84' lang='grc' dir='ltr'>ποτε;</span> <span class='ocrx_word' id='word_1_256' title='bbox 1401 3169 1442 3233; x_wconf 84' lang='lat' dir='ltr'>rel</span> 
     </span>
     <span class='ocr_line' id='line_1_28' title="bbox 323 3273 1444 3358; baseline -0.005 -18"><span class='ocrx_word' id='word_1_257' title='bbox 323 3277 385 3355; x_wconf 75' lang='lat' dir='ltr'>dnn,</span> <span class='ocrx_word' id='word_1_258' title='bbox 417 3277 497 3357; x_wconf 71' lang='lat' dir='ltr'>iboni,</span> <span class='ocrx_word' id='word_1_259' title='bbox 529 3275 741 3340; x_wconf 85' lang='lat' dir='ltr'>Leeuwenius</span> <span class='ocrx_word' id='word_1_260' title='bbox 771 3276 913 3358; x_wconf 91' lang='lat' dir='ltr'>denique</span> <span class='ocrx_word' id='word_1_261' title='bbox 944 3276 990 3339; x_wconf 84' lang='grc' dir='ltr'>ὢν</span> <span class='ocrx_word' id='word_1_262' title='bbox 1020 3277 1113 3338; x_wconf 86' lang='grc' dir='ltr'>πάλαι</span> <span class='ocrx_word' id='word_1_263' title='bbox 1144 3275 1316 3357; x_wconf 72' lang='lat' dir='ltr'>proposuit</span> <span class='ocrx_word' id='word_1_264' title='bbox 1352 3273 1444 3336; x_wconf 87' lang='lat' dir='ltr'>Vides</span> 
     </span>
     <span class='ocr_line' id='line_1_29' title="bbox 322 3375 1443 3462; baseline -0.006 -18"><span class='ocrx_word' id='word_1_265' title='bbox 322 3379 528 3460; x_wconf 86' lang='lat' dir='ltr'>Bleydesium</span> <span class='ocrx_word' id='word_1_266' title='bbox 542 3379 698 3462; x_wconf 82' lang='lat' dir='ltr'>imprimis</span> <span class='ocrx_word' id='word_1_267' title='bbox 715 3399 771 3461; x_wconf 90' lang='lat' dir='ltr'>pro</span> <span class='ocrx_word' id='word_1_268' title='bbox 785 3377 1018 3442; x_wconf 85' lang='lat' dir='ltr'>consuetudine</span> <span class='ocrx_word' id='word_1_269' title='bbox 1035 3396 1094 3440; x_wconf 84' lang='lat' dir='ltr'>sue</span> <span class='ocrx_word' id='word_1_270' title='bbox 1108 3377 1208 3440; x_wconf 86' lang='lat' dir='ltr'>multe</span> <span class='ocrx_word' id='word_1_271' title='bbox 1219 3375 1443 3444; x_wconf 79' lang='lat' dir='ltr'>medicamento</span> 
     </span>
     <span class='ocr_line' id='line_1_30' title="bbox 322 3479 1443 3566; baseline -0.004 -21"><span class='ocrx_word' id='word_1_272' title='bbox 322 3487 467 3566; x_wconf 84' lang='lat' dir='ltr'>prompte</span> <span class='ocrx_word' id='word_1_273' title='bbox 486 3482 611 3556; x_wconf 83' lang='lat' dir='ltr'>habere.</span> <span class='ocrx_word' id='word_1_274' title='bbox 636 3482 793 3564; x_wconf 82' lang='lat' dir='ltr'>Equidem</span> <span class='ocrx_word' id='word_1_275' title='bbox 815 3481 920 3549; x_wconf 83' lang='lat' dir='ltr'>verbis</span> <span class='ocrx_word' id='word_1_276' title='bbox 939 3479 1078 3544; x_wconf 81' lang='grc' dir='ltr'><strong>ΑΒΟΓΔ</strong></span> <span class='ocrx_word' id='word_1_277' title='bbox 1097 3483 1133 3544; x_wconf 87' lang='grc' dir='ltr'>ἓν</span> <span class='ocrx_word' id='word_1_278' title='bbox 1152 3480 1171 3558; x_wconf 82' lang='grc' dir='ltr'>ἢ</span> <span class='ocrx_word' id='word_1_279' title='bbox 1196 3482 1228 3543; x_wconf 91' lang='lat' dir='ltr'>et</span> <span class='ocrx_word' id='word_1_280' title='bbox 1246 3480 1443 3543; x_wconf 78' lang='lat' dir='ltr'>adnotatione</span> 
     </span>
     <span class='ocr_line' id='line_1_31' title="bbox 322 3583 1443 3665; baseline -0.005 -17"><span class='ocrx_word' id='word_1_281' title='bbox 322 3584 418 3649; x_wconf 83' lang='lat' dir='ltr'>schol.</span> <span class='ocrx_word' id='word_1_282' title='bbox 443 3591 474 3648; x_wconf 83' lang='lat' dir='ltr'>et</span> <span class='ocrx_word' id='word_1_283' title='bbox 490 3584 608 3649; x_wconf 85' lang='lat' dir='ltr'>Suidee</span> <span class='ocrx_word' id='word_1_284' title='bbox 632 3604 655 3648; x_wconf 83' lang='lat' dir='ltr'>s,</span> <span class='ocrx_word' id='word_1_285' title='bbox 674 3606 701 3648; x_wconf 79' lang='grc' dir='ltr'>τ.</span> <span class='ocrx_word' id='word_1_286' title='bbox 726 3586 798 3663; x_wconf 77' lang='grc' dir='ltr'>ἕνηε</span> <span class='ocrx_word' id='word_1_287' title='bbox 825 3585 854 3647; x_wconf 87' lang='lat' dir='ltr'>ol</span> <span class='ocrx_word' id='word_1_288' title='bbox 874 3588 909 3647; x_wconf 88' lang='grc' dir='ltr'>δὲ</span> <span class='ocrx_word' id='word_1_289' title='bbox 928 3585 1042 3646; x_wconf 83' lang='grc' dir='ltr'>λείπειν</span> <span class='ocrx_word' id='word_1_290' title='bbox 1061 3586 1136 3662; x_wconf 84' lang='grc' dir='ltr'>φατὶ</span> <span class='ocrx_word' id='word_1_291' title='bbox 1153 3585 1191 3647; x_wconf 89' lang='grc' dir='ltr'>τὸ</span> <span class='ocrx_word' id='word_1_292' title='bbox 1211 3583 1279 3665; x_wconf 83' lang='grc' dir='ltr'>δύο,</span> <span class='ocrx_word' id='word_1_293' title='bbox 1298 3585 1353 3649; x_wconf 79' lang='grc' dir='ltr'>ἵνα</span> <span class='ocrx_word' id='word_1_294' title='bbox 1371 3584 1443 3659; x_wconf 69' lang='grc' dir='ltr'>ἐρα</span> 
     </span>
     <span class='ocr_line' id='line_1_32' title="bbox 321 3685 1441 3771; baseline -0.007 -19"><span class='ocrx_word' id='word_1_295' title='bbox 321 3692 387 3752; x_wconf 82' lang='grc' dir='ltr'>τῶν</span> <span class='ocrx_word' id='word_1_296' title='bbox 412 3690 486 3771; x_wconf 85' lang='grc' dir='ltr'>λέγῃ</span> <span class='ocrx_word' id='word_1_297' title='bbox 510 3690 588 3766; x_wconf 82' lang='grc' dir='ltr'>ένῆ</span> <span class='ocrx_word' id='word_1_298' title='bbox 617 3689 678 3760; x_wconf 75' lang='grc' dir='ltr'>δύο</span> <span class='ocrx_word' id='word_1_299' title='bbox 707 3689 851 3770; x_wconf 84' lang='grc' dir='ltr'>(ἐρωτῶν</span> <span class='ocrx_word' id='word_1_300' title='bbox 875 3690 910 3750; x_wconf 88' lang='grc' dir='ltr'>δὲ</span> <span class='ocrx_word' id='word_1_301' title='bbox 938 3687 1018 3760; x_wconf 86' lang='grc' dir='ltr'>λέγει</span> <span class='ocrx_word' id='word_1_302' title='bbox 1046 3688 1082 3749; x_wconf 85' lang='grc' dir='ltr'>ἓν</span> <span class='ocrx_word' id='word_1_303' title='bbox 1106 3687 1124 3762; x_wconf 83' lang='grc' dir='ltr'>ἢ</span> <span class='ocrx_word' id='word_1_304' title='bbox 1150 3688 1210 3760; x_wconf 85' lang='grc' dir='ltr'>δύα</span> <span class='ocrx_word' id='word_1_305' title='bbox 1237 3685 1271 3766; x_wconf 84' lang='lat' dir='ltr'>S)</span> <span class='ocrx_word' id='word_1_306' title='bbox 1299 3685 1441 3753; x_wconf 83' lang='lat' dir='ltr'>inductus</span> 
     </span>
     <span class='ocr_line' id='line_1_33' title="bbox 323 3787 1441 3873; baseline -0.006 -19"><span class='ocrx_word' id='word_1_307' title='bbox 323 3810 417 3868; x_wconf 85' lang='lat' dir='ltr'>erum,</span> <span class='ocrx_word' id='word_1_308' title='bbox 442 3796 478 3853; x_wconf 89' lang='lat' dir='ltr'>ut</span> <span class='ocrx_word' id='word_1_309' title='bbox 499 3791 596 3855; x_wconf 82' lang='lat' dir='ltr'>etiem</span> <span class='ocrx_word' id='word_1_310' title='bbox 619 3790 658 3854; x_wconf 93' lang='lat' dir='ltr'>de</span> <span class='ocrx_word' id='word_1_311' title='bbox 683 3792 842 3873; x_wconf 82' lang='lat' dir='ltr'>scripture</span> <span class='ocrx_word' id='word_1_312' title='bbox 864 3791 917 3868; x_wconf 81' lang='grc' dir='ltr'>έν;</span> <span class='ocrx_word' id='word_1_313' title='bbox 941 3792 979 3867; x_wconf 86' lang='grc' dir='ltr'>ἢν</span> <span class='ocrx_word' id='word_1_314' title='bbox 999 3791 1179 3871; x_wconf 75' lang='lat' dir='ltr'>cogitarem.</span> <span class='ocrx_word' id='word_1_315' title='bbox 1204 3787 1293 3866; x_wconf 79' lang='lat' dir='ltr'>Quae</span> <span class='ocrx_word' id='word_1_316' title='bbox 1316 3789 1362 3854; x_wconf 86' lang='lat' dir='ltr'>sic</span> <span class='ocrx_word' id='word_1_317' title='bbox 1379 3805 1441 3850; x_wconf 88' lang='lat' dir='ltr'>rer-</span> 
     </span>
    </p>
   </div>
   <div class='ocr_carea' id='block_1_3' title="bbox 322 3888 1443 4386">
    <p class='ocr_par' dir='ltr' id='par_1_5' title="bbox 322 3888 1521 4427">
     <span class='ocr_line' id='line_1_34' title="bbox 322 3888 1439 3976; baseline -0.008 -18"><span class='ocrx_word' id='word_1_318' title='bbox 322 3895 418 3958; x_wconf 86' lang='lat' dir='ltr'>tende</span> <span class='ocrx_word' id='word_1_319' title='bbox 442 3896 540 3957; x_wconf 85' lang='lat' dir='ltr'>esset:</span> <span class='ocrx_word' id='word_1_320' title='bbox 565 3893 647 3956; x_wconf 85' lang='lat' dir='ltr'>Hest</span> <span class='ocrx_word' id='word_1_321' title='bbox 670 3894 712 3956; x_wconf 95' lang='lat' dir='ltr'>du</span> <span class='ocrx_word' id='word_1_322' title='bbox 737 3893 818 3958; x_wconf 90' lang='lat' dir='ltr'>elter</span> <span class='ocrx_word' id='word_1_323' title='bbox 836 3892 1001 3976; x_wconf 77' lang='lat' dir='ltr'>Greulropf</span> <span class='ocrx_word' id='word_1_324' title='bbox 1028 3893 1130 3958; x_wconf 86' lang='lat' dir='ltr'>sehon</span> <span class='ocrx_word' id='word_1_325' title='bbox 1149 3894 1201 3957; x_wconf 90' lang='lat' dir='ltr'>ein</span> <span class='ocrx_word' id='word_1_326' title='bbox 1226 3892 1365 3976; x_wconf 74' lang='lat' dir='ltr'>einniges</span> <span class='ocrx_word' id='word_1_327' title='bbox 1383 3888 1439 3953; x_wconf 85' lang='lat' dir='ltr'>Mel</span> 
     </span>
     <span class='ocr_line' id='line_1_35' title="bbox 322 3995 1439 4079; baseline -0.004 -18"><span class='ocrx_word' id='word_1_328' title='bbox 322 3997 384 4062; x_wconf 91' lang='lat' dir='ltr'>den</span> <span class='ocrx_word' id='word_1_329' title='bbox 405 3995 587 4061; x_wconf 85' lang='lat' dir='ltr'>Gesendten</span> <span class='ocrx_word' id='word_1_330' title='bbox 606 3995 765 4079; x_wconf 78' lang='lat' dir='ltr'>gespielt?</span> <span class='ocrx_word' id='word_1_331' title='bbox 790 3996 879 4060; x_wconf 87' lang='lat' dir='ltr'>Hm?</span> <span class='ocrx_word' id='word_1_332' title='bbox 904 3999 959 4060; x_wconf 85' lang='lat' dir='ltr'>eut</span> <span class='ocrx_word' id='word_1_333' title='bbox 978 3995 1132 4058; x_wconf 84' lang='lat' dir='ltr'>vocabulo</span> <span class='ocrx_word' id='word_1_334' title='bbox 1152 3997 1190 4074; x_wconf 84' lang='grc' dir='ltr'>ἢν</span> <span class='ocrx_word' id='word_1_335' title='bbox 1210 4015 1285 4062; x_wconf 89' lang='lat' dir='ltr'>eum</span> <span class='ocrx_word' id='word_1_336' title='bbox 1305 3997 1439 4070; x_wconf 66' lang='grc' dir='ltr'>1ιὶνένειιιε</span> 
     </span>
     <span class='ocr_line' id='line_1_36' title="bbox 323 4097 1441 4182; baseline -0.009 -16"><span class='ocrx_word' id='word_1_337' title='bbox 323 4101 510 4168; x_wconf 83' lang='lat' dir='ltr'>ooniunoto:</span> <span class='ocrx_word' id='word_1_338' title='bbox 535 4099 620 4182; x_wconf 82' lang='lat' dir='ltr'>Sieb,</span> <span class='ocrx_word' id='word_1_339' title='bbox 644 4119 679 4164; x_wconf 89' lang='lat' dir='ltr'>er</span> <span class='ocrx_word' id='word_1_340' title='bbox 702 4100 757 4164; x_wconf 84' lang='lat' dir='ltr'>hat</span> <span class='ocrx_word' id='word_1_341' title='bbox 779 4099 841 4164; x_wconf 88' lang='lat' dir='ltr'>den</span> <span class='ocrx_word' id='word_1_342' title='bbox 860 4098 947 4181; x_wconf 86' lang='lat' dir='ltr'>Kopl</span> <span class='ocrx_word' id='word_1_343' title='bbox 964 4098 1166 4180; x_wconf 84' lang='lat' dir='ltr'>gesobtittelt.</span> <span class='ocrx_word' id='word_1_344' title='bbox 1191 4097 1255 4162; x_wconf 86' lang='lat' dir='ltr'>Sed</span> <span class='ocrx_word' id='word_1_345' title='bbox 1279 4118 1352 4164; x_wconf 89' lang='lat' dir='ltr'>oum</span> <span class='ocrx_word' id='word_1_346' title='bbox 1373 4113 1441 4160; x_wconf 86' lang='lat' dir='ltr'>nne-</span> 
     </span>
     <span class='ocr_line' id='line_1_37' title="bbox 323 4201 1440 4286; baseline -0.013 -10"><span class='ocrx_word' id='word_1_347' title='bbox 323 4223 419 4286; x_wconf 67' lang='lat' dir='ltr'>quam</span> <span class='ocrx_word' id='word_1_348' title='bbox 441 4204 623 4272; x_wconf 78' lang='lat' dir='ltr'>accusativo</span> <span class='ocrx_word' id='word_1_349' title='bbox 647 4205 682 4268; x_wconf 81' lang='grc' dir='ltr'>ἓν</span> <span class='ocrx_word' id='word_1_350' title='bbox 708 4204 772 4268; x_wconf 90' lang='lat' dir='ltr'>vim</span> <span class='ocrx_word' id='word_1_351' title='bbox 796 4202 941 4274; x_wconf 81' lang='lat' dir='ltr'>adverbii</span> <span class='ocrx_word' id='word_1_352' title='bbox 964 4203 1063 4269; x_wconf 87' lang='lat' dir='ltr'>nostri</span> <span class='ocrx_word' id='word_1_353' title='bbox 1088 4201 1250 4266; x_wconf 80' lang='lat' dir='ltr'>“ommni&#39;’</span> <span class='ocrx_word' id='word_1_354' title='bbox 1273 4201 1440 4267; x_wconf 79' lang='lat' dir='ltr'>suuieotnn</span> 
     </span>
     <span class='ocr_line' id='line_1_38' title="bbox 322 4303 1443 4386; baseline -0.01 -15"><span class='ocrx_word' id='word_1_355' title='bbox 322 4325 393 4371; x_wconf 85' lang='lat' dir='ltr'>esse</span> <span class='ocrx_word' id='word_1_356' title='bbox 410 4306 599 4386; x_wconf 81' lang='lat' dir='ltr'>invenerim,</span> <span class='ocrx_word' id='word_1_357' title='bbox 615 4306 654 4370; x_wconf 84' lang='lat' dir='ltr'>ab</span> <span class='ocrx_word' id='word_1_358' title='bbox 670 4305 733 4379; x_wconf 82' lang='lat' dir='ltr'>bae</span> <span class='ocrx_word' id='word_1_359' title='bbox 747 4307 870 4375; x_wconf 79' lang='lat' dir='ltr'>ratione</span> <span class='ocrx_word' id='word_1_360' title='bbox 880 4304 1033 4371; x_wconf 81' lang='lat' dir='ltr'>recedere</span> <span class='ocrx_word' id='word_1_361' title='bbox 1050 4324 1115 4368; x_wconf 89' lang='lat' dir='ltr'>non</span> <span class='ocrx_word' id='word_1_362' title='bbox 1131 4303 1249 4376; x_wconf 76' lang='lat' dir='ltr'>dubito,</span> <span class='ocrx_word' id='word_1_363' title='bbox 1269 4304 1337 4368; x_wconf 86' lang='lat' dir='ltr'>lem</span> <span class='ocrx_word' id='word_1_364' title='bbox 1352 4303 1443 4384; x_wconf 84' lang='lat' dir='ltr'>igitur</span> 
     </span>
    </p>
   </div>
   <div class='ocr_carea' id='block_1_4' title="bbox 0 0 1546 5228">
    <p class='ocr_par' dir='ltr' id='par_1_6' title="bbox 0 0 1546 5228">
     <span class='ocr_line' id='line_1_39' title="bbox 0 0 1546 5228; baseline 0 1"><span class='ocrx_word' id='word_1_365' title='bbox 0 0 1546 5228; x_wconf 95' lang='lat' dir='ltr'> </span> 
     </span>
    </p>
   </div>
  </div>
 </body>
</html>
