3058 5222
331 489 396 552 214
564 547 570 558 ,
758 495 874 552 Victor
892 495 1035 562 Gouton,

348 691 404 728 uss.
563 667 635 734 Seh.
1162 668 1222 734 RV

353 771 417 834 219
443 772 576 836 *aoirvz
612 773 647 837 ἐν
682 772 867 856 άντιγράφψ
1143 773 1239 836 πόλιν

441 877 477 938 δὲ
500 873 598 953 εὗρόν
613 896 691 940 ποτε
711 875 773 952 “itu
788 875 869 954 ἐχω-

443 997 500 1056 μεν
525 979 585 1054 τήν
612 977 745 1042 Πύλον”
768 978 868 1042 schol.

442 1079 486 1156 V3
514 1081 606 1144 πόλιν
635 1083 667 1144 ot
695 1081 803 1145 Πύλον
834 1082 867 1144 in

442 1182 547 1246 adnot
563 1184 661 1247 schol.
677 1183 706 1248 R

355 1288 530 1350 173-298
554 1287 625 1350 *ἐπ’
647 1287 740 1352 ἐνίοιε
787 1288 868 1351 άντι-
923 1286 1037 1370 Neque
1066 1287 1164 1352 verba
1192 1288 1220 1350 τί
1249 1308 1324 1367 φηει
1352 1303 1438 1368 noque

441 1390 577 1468 γράφοι(
595 1391 671 1468 μετὰ
684 1389 804 1468 οτίχουε
817 1391 868 1454 να’
922 1389 1003 1453 illud
1026 1389 1055 1467 ἰὴ
1082 1389 1133 1454 bis
1156 1390 1297 1473 positum
1321 1407 1438 1471 usquin

442 1492 503 1556 ἐετὶ
531 1492 692 1570 κωδάριον
718 1492 795 1556 τάδε
819 1493 868 1556 “ri
922 1492 1029 1556 invss.
1043 1491 1438 1558 173—298RVerhibent

430 1595 554 1674 1φηει”;
585 1597 633 1659 καὶ
664 1594 728 1674 μετ’
749 1594 868 1660 άλλουε

441 1700 490 1777 λη’
511 1699 587 1762 τόδε
603 1698 658 1774 ι’ἐή
681 1697 744 1776 ἰή”.
769 1697 867 1761 schol.

441 1803 467 1862 9
484 1801 523 1866 ad
548 1821 611 1864 vas.
630 1801 814 1865 173-298,

352 1905 417 1968 236
442 1905 543 1968 *τινέε
567 1904 604 1966 δὲ
626 1923 701 1982 φαει
724 1904 781 1968 τὸν
803 1905 867 1968 Δία
951 1905 988 1971 ἰὼ
1013 1908 1120 1985 βροτοὶ
1143 1911 1205 1970 κτλ.
1230 1905 1319 1970 Bello
1334 1903 1416 1967 tribb.

440 2009 539 2069 ταῦτα
563 2006 663 2080 λέγειν
687 2007 785 2070 sohoi.
798 2006 828 2067 V

351 2111 415 2172 317
442 2109 499 2172 *τὸ
532 2108 581 2170 ἰοὺ
612 2108 662 2172 ἰού
695 2128 778 2174 τινες
808 2114 866 2174 τοῦ
1015 2111 1064 2175 ἰοὺ
1088 2111 1137 2176 ἰοὺ
1161 2111 1260 2176 choro
1277 2111 1365 2175 tribb.

441 2213 544 2288 χοροῦ
561 2212 656 2289 φαεὶν
674 2207 755 2275 εἶναι
778 2208 867 2294 (εἶναι
1514 2141 1516 2282 ά

441 2334 501 2378 οαι.
540 2313 569 2377 R
607 2333 669 2378 see.
709 2314 867 2396 Rutherf.)

440 2415 538 2481 schol.
555 2416 614 2480 RV

352 2520 417 2581 536
441 2517 866 2597 *γράφεταιεέεἰπνδνεοδοέ
1106 2523 1149 2588 εἰ(
1173 2523 1276 2600 ἀγρὸν
1517 2591 1519 2714 ,

441 2621 471 2682 V

351 2729 416 2791 583
439 2730 520 2792 τινέε
547 2728 723 2807 γράφουειν
754 2726 866 2805 ἐδάμη·
951 2727 1049 2807 ἐδάμη
1075 2728 1182 2805 μένΒ

442 2850 498 2907 μεν
510 2829 608 2894 schol.
619 2829 657 2892 V.
682 2828 866 2912 Scripturas
985 2831 1102 2909 ἐδάμην
1118 2832 1149 2893 V

1194 2729 1208 2904 l
1223 2801 1287 2846 seo.
1303 2781 1400 2846 Hora.

441 2931 865 3013 toduouev(schol.)ettorinn
921 2931 1108 2998 Editoribus
1136 2935 1256 3012 ἐδάμην
1283 2933 1440 3018 probatum,

440 3038 498 3112 μὲν
508 3035 558 3116 (R)
574 3035 685 3100 nescio
708 3055 750 3098 an
768 3036 867 3099 intar-
921 3037 1008 3118 quod
1022 3042 1054 3100 ot
1068 3038 1212 3102 numeris
1225 3043 1333 3120 aptum
1349 3050 1439 3115 neque

440 3139 585 3222 pratibus
603 3137 789 3218 debeantur,
810 3138 866 3219 qni
921 3159 940 3202 a
964 3159 1062 3204 sensu
1089 3141 1232 3204 alienum
1256 3146 1311 3204 est.
1347 3138 1388 3202 cf.
1409 3135 1440 3198 de

441 3241 558 3305 offensi
575 3241 684 3304 multis
700 3240 867 3323 particulis
921 3242 1166 3306 transitionibus
1190 3263 1209 3306 a
1231 3262 1363 3308 numero
1384 3239 1441 3324 plu-

393 3381 395 3385 *
441 3345 502 3422 γὰρ
537 3344 572 3406 in
607 3363 669 3406 vsa
694 3345 768 3424 583,
793 3345 867 3424 587,
922 3345 981 3409 ruli
1009 3345 1048 3409 ad
1077 3345 1273 3429 singularem
1302 3366 1330 3429 p.
1347 3345 1385 3406 64
1411 3335 1442 3403 ad

441 3447 515 3528 590,
542 3449 615 3528 591,
645 3449 708 3510 595
744 3447 866 3510 inserto
922 3448 1073 3512 195975.

441 3554 498 3628 μὲν
520 3549 601 3614 illud
624 3552 685 3627 γάρ
715 3569 733 3613 ο
758 3555 866 3613 nostro

442 3672 469 3714 v.
487 3653 592 3717 eicere
616 3653 786 3716 voluerint.

352 3757 416 3818 593
441 3756 608 3819 κάδάπανα
621 3759 671 3820 καὶ
681 3758 773 3836 φίλαι
786 3762 868 3819 τινες
923 3756 1089 3821 κάδάπανα
1116 3759 1166 3821 καὶ
1194 3759 1278 3836 φίλα
1314 3756 1445 3820 Horaer-

441 3861 478 3922 δὲ
494 3857 649 3938 γράφουει
667 3859 743 3936 μετὰ
765 3861 824 3922 τοῦ
848 3869 867 3940 t,
924 3858 1027 3922 donus
1050 3859 1090 3922 de
1106 3860 1203 3924 schol.
1221 3859 1326 3923 adnot.
1343 3859 1387 3922 sio
1405 3855 1445 3916 iu·

440 3962 495 4024 ἰ’να
510 3964 546 4025 τὸ
564 3963 745 4038 νοούμενον
763 3962 790 4042 ἢ,
814 3964 869 4024 δα-
923 3960 1057 4024 dicavit:
1071 3962 1359 4044 “Fuitigiturolim
1370 3957 1444 4022 vana

441 4065 524 4146 πάνη
537 4083 569 4127 τε
581 4069 755 4143 τρυφῶμεν
768 4064 866 4127 schol.
922 4064 1018 4128 lectio
1031 4068 1080 4129 καὶ
1095 4064 1223 4128 δάπανα
1236 4095 1269 4116 =
1283 4057 1444 4138 δαπανημά

441 4167 471 4228 V
924 4166 971 4230 cf.
988 4167 1129 4231 Thro
1146 4168 1218 4231 103.
1244 4165 1307 4230 Sed
1322 4163 1445 4250 praestat

923 4270 1010 4351 quod
1033 4269 1214 4354 vulgatur’.

353 4373 416 4435 616
441 4375 476 4436 τὸ
491 4376 526 4436 δὲ
543 4372 695 4454 ἠκηκόειν,
713 4371 798 4438 οὕτω
817 4373 867 4436 διὰ
922 4372 1065 4450 ηκηκόειν
1089 4372 1128 4435 ab
1156 4371 1334 4435 editoribus
1355 4369 1445 4448 Phry·
