3084 5228
279 561 464 630 Quaestiones
485 563 599 619 criticae
618 563 647 618 in
666 563 864 633 Aristophanis
883 565 1003 620 tabulas.
1141 559 1203 622 131

76 736 192 818 plexus
216 737 267 799 est
283 735 330 817 (in
348 755 410 798 000.
427 737 501 818 360,
527 736 623 816 1004,
648 736 743 818 1028,
770 737 865 818 1013,
891 737 997 818 1244).
1021 735 1116 802 Unde
1135 757 1206 801 meu

76 839 208 922 quidem
237 839 397 903 sententia
425 838 576 922 colligere
605 859 670 902 non
697 839 774 902 licet
799 838 955 904 lectiones
984 839 1005 904 S
1033 840 1206 922 propiusa

75 942 104 1007 R
132 961 231 1024 quum
258 962 278 1005 0
305 941 421 1006 30οΔ
449 941 571 1024 000000,
602 961 675 1005 cum
706 942 899 1023 nesciamus
929 943 1039 1006 utrum
1070 942 1112 1004 25
1140 941 1205 1004 illis

75 1045 166 1126 lucie,
180 1043 298 1127 quibus
313 1044 608 1128 lexicographuma
623 1045 690 1108 solo
703 1043 732 1108 R
744 1043 877 1108 differre
889 1065 918 1127 p.
927 1045 1045 1126 89sqq.
1057 1043 1206 1126 vidimus,

73 1149 96 1213 8
113 1149 211 1212 etiam
230 1147 271 1212 ab
290 1148 415 1230 integro
431 1148 605 1230 archetypo
622 1147 735 1212 Bono
752 1147 966 1232 discrepuerit
979 1167 1092 1212 necne.
1113 1147 1206 1225 Quod
1301 1133 1304 1138 ¹

75 1253 139 1314 iam
159 1233 350 1334 Buengerus
373 1271 403 1335 p.
420 1253 462 1314 59
486 1251 605 1334 optimo
621 1251 692 1314 iure
711 1251 844 1314 monuit
877 1251 991 1334 Neque
1011 1271 1088 1315 vero
1104 1254 1206 1315 totum

75 1374 127 1418 me
151 1353 312 1438 applicare
335 1373 467 1436 possum
490 1353 531 1417 ad
554 1355 661 1418 virum
684 1353 777 1418 illum
800 1352 938 1436 doctum,
967 1355 1022 1437 qui
1046 1376 1074 1439 p.
1093 1356 1134 1418 69
1159 1355 1207 1418 010

74 1458 277 1521 existimavit
287 1457 483 1540 “singularis
499 1456 649 1520 codicum
663 1456 805 1521 familiae
822 1459 915 1540 quasi
927 1459 1091 1540 specimen
1104 1458 1206 1522 luisse

74 1559 196 1624 Suidae
219 1559 365 1624 codicem
388 1559 439 1622 XI
461 1558 645 1626 fabularum
663 1559 982 1643 Aristophanemum,
1006 1560 1153 1642 quemvis
1171 1559 1206 1622 in

73 1663 256 1744 Lysistratus
279 1661 440 1726 Suidanee
468 1661 625 1731 lectiones
652 1662 784 1745 propius
813 1662 898 1727 011θ
927 1683 1024 1744 quam
1051 1683 1070 1726 0
1093 1661 1206 1728 sulm

76 1763 216 1828 absint''.
250 1763 352 1828 Cuius
375 1765 555 1831 sententiae
583 1765 671 1848 prior
698 1764 753 1827 illa
776 1763 909 1847 quidem
935 1784 1009 1848 pers
1032 1765 1113 1828 mibi
1136 1784 1207 1847 pro-

74 1868 180 1949 batur,
210 1869 320 1950 utpote
350 1887 426 1931 cum
452 1869 644 1950 praeteriti
674 1887 729 1931 000
752 1867 850 1948 10000,
879 1867 997 1950 quibus
1025 1866 1206 1932 s-Buuo

71 1971 145 2034 aR
178 1973 210 2036 et
235 1971 285 2051 10,
316 1969 435 2052 quibus
466 1969 562 2034 s-R
585 1991 604 2033 a
631 1969 745 2034 BOLA
777 1970 982 2050 dissentiunt,
1013 1971 1096 2034 625
1126 1970 1207 2034 10010

71 2079 189 2138 contra
212 2073 319 2138 solum
341 2073 379 2154 R,
404 2076 444 2136 11
471 2075 581 2136 contra
608 2076 782 2154 utrumque
811 2071 960 2137 codicum
983 2092 1087 2156 genus
1110 2073 1209 2137 faciat

72 2197 184 2260 neque
208 2197 280 2242 raro
304 2176 394 2240 solus
416 2175 560 2240 fideliter
582 2195 695 2240 verum
714 2176 867 2240 exhibeat
884 2177 931 2258 (in
954 2196 1016 2241 000.
1035 2178 1108 2258 115,
1133 2178 1207 2258 221,

72 2283 150 2360 223,
176 2281 252 2360 231,
276 2281 350 2360 235,
375 2281 449 2360 241,
473 2281 547 2360 461,
573 2281 646 2361 549,
671 2282 746 2352 181,
770 2279 1207 2362 844,1111,1121,1153),

72 2383 219 2465 denique
243 2383 277 2446 in
295 2401 359 2446 000.
377 2383 429 2462 64,
455 2384 517 2445 113
538 2401 649 2446 ansam
668 2381 819 2464 praebeat
834 2401 929 2446 verae
948 2383 1096 2446 lectionis
1116 2382 1208 2446 resti·

71 2486 227 2551 tuendae.
266 2486 319 2550 Ad
352 2484 620 2569 comprobandam
650 2502 725 2549 vero
756 2485 890 2548 alterum
920 2486 1099 2550 sententiae
1130 2503 1207 2548 suae

72 2591 203 2672 purtem
226 2588 416 2672 Buengerus
440 2587 618 2671 probabilia
640 2591 829 2670 argumenta
851 2607 916 2652 000
939 2587 1095 2652 adhibuit
1125 2587 1208 2651 Nem

70 2713 150 2756 cum
182 2691 274 2771 illud,
306 2691 391 2774 quod
423 2691 487 2754 ium
518 2711 617 2774 supra
646 2690 802 2769 diximus,
833 2689 873 2754 de
903 2690 1029 2756 lacunis
1060 2689 1207 2754 codicum

69 2795 191 2860 BCLA
208 2794 432 2860 communibus
448 2795 607 2876 suspicari
622 2795 725 2874 110001,
745 2797 852 2856 tamen
872 2813 914 2858 ex
929 2794 972 2856 iis
987 2793 1119 2857 minime
1136 2793 1208 2856 effi-

70 2897 230 2962 ciendum
253 2900 311 2979 est,
334 2895 467 2962 Suidam
490 2897 607 2960 artiore
631 2895 769 2978 quadam
794 2896 983 2978 cognatione
1008 2915 1083 2958 cum
1103 2895 1133 2960 R
1156 2895 1208 2960 vel

70 3022 149 3065 curn
185 3001 359 3082 archetypo
387 3000 416 3064 R
444 3000 652 3063 coniunctum
682 3019 761 3064 esse.
794 2999 945 3063 Alterum
975 3000 1207 3080 argumentum,

68 3125 137 3186 quo
164 3103 358 3186 Buengerus
387 3103 571 3186 opinionem
594 3122 685 3166 suam
713 3101 990 3166 commendavisse
1013 3105 1109 3184 atque
1133 3121 1208 3164 con-

67 3207 259 3270 firmavisse
280 3204 344 3268 sibi
362 3204 540 3286 videbatur,
565 3207 615 3268 est
632 3205 694 3268 hoc
709 3207 749 3287 (p.
767 3206 836 3286 58);
867 3204 922 3267 “et
937 3199 979 3267 Ri
1001 3203 1122 3267 scholia
1137 3223 1208 3266 ver-

66 3331 170 3374 suum
185 3310 362 3373 316-404
377 3308 490 3372 deesse
503 3327 563 3373 nec
575 3307 660 3392 apud
673 3307 856 3373 Suidamex
870 3308 1206 3372 0001000361-413

66 3414 293 3498 fragmentum
311 3411 414 3475 ullum
433 3413 575 3476 extare'’.
609 3411 710 3491 Quod,
734 3411 854 3475 nedum
873 3412 1006 3476 firmum
1024 3415 1120 3494 atque
1140 3431 1208 3474 cer-

65 3519 140 3579 tum
167 3515 218 3594 sit,
242 3533 284 3578 ne
308 3514 377 3578 veri
401 3513 532 3596 quidem
548 3514 654 3578 simile
673 3533 745 3578 esse
769 3535 842 3578 cum
862 3533 900 3578 ec
917 3513 1097 3596 edocemur,
1121 3512 1208 3596 quod

65 3638 170 3702 saepe
200 3616 358 3681 eiusmodi
386 3617 521 3682 lacunae
552 3616 636 3700 apud
663 3617 928 3700 lexicographum
957 3615 1083 3680 obviem
1113 3615 1206 3679 nobis

64 3723 170 3800 fiunt.
201 3739 281 3803 quus
312 3718 352 3783 ab
381 3721 451 3802 ipso
480 3719 650 3803 Buengero
678 3741 707 3802 p.
725 3723 766 3783 58
795 3722 919 3783 notatas
951 3720 1109 3800 invenias,
1138 3721 1207 3784 tum

66 3845 115 3894 eo,
151 3823 240 3906 quod
272 3820 526 3906 1011010000,
556 3843 751 3905 quemquam
780 3823 901 3906 pariter
929 3843 967 3886 ao
996 3825 1105 3886 nostro
1135 3822 1206 3888 loeo
1264 3811 1269 3901 J

64 3929 155 3991 libro
180 3925 210 3992 R
237 3925 360 3990 scholia
388 3925 507 3989 desunt
532 3945 685 3990 versuum
715 3926 928 4008 216-1408,
955 3927 1063 3988 tamen
1090 3925 1112 3988 S
1135 3943 1206 4008 per-

64 4031 192 4094 multos
225 4048 266 4092 ex
295 4029 347 4091 his
377 4028 526 4092 versibus
555 4029 694 4112 protulit.
729 4027 921 4110 Bueugerus
952 4027 1053 4110 igitur
1080 4027 1206 4090 lacunis

64 4133 205 4196 omnino
229 4131 312 4194 nihil
335 4129 477 4194 tn'buere
500 4149 606 4213 neque
631 4130 808 4213 quidquem
830 4129 919 4194 aliud
937 4149 995 4213 pro
1011 4133 1098 4194 certo
1117 4130 1207 4194 affir-

64 4254 162 4300 mare
190 4221 329 4298 00000οὶ
351 4235 415 4297 0101
438 4234 515 4297 hoc:
548 4233 744 4317 “singrdaris
772 4233 920 4297 codicum
946 4232 1088 4296 familiae
1113 4235 1205 4315 quusi

64 4339 239 4422 specimen
272 4337 374 4400 fuisse
405 4335 524 4400 Suidee
553 4335 697 4401 codicem
726 4335 776 4399 XI
805 4335 988 4400 fabularum
1018 4335 1206 4419 Aristopha-

64 4440 238 4506 nearum'’.

1061 4563 1094 4618 9·
