3084 5228
254 516 443 585 Quaestiones
462 517 577 573 criticae
596 514 626 570 in
645 515 845 586 Aristophanis
864 517 985 573 tabulas.
1124 515 1185 578 167

65 689 108 748 tls.
140 689 249 753 Unum
272 691 438 775 Euripidis
467 692 569 756 aliero
592 689 710 769 locum,
739 689 848 772 Suppl.
868 691 931 753 447
957 695 1028 756 mire
1058 693 1118 757 οὖν
1143 693 1185 757 ἔτ’

63 789 98 853 ἂν
122 791 233 866 γένοιτ’
255 793 296 858 ἂν
325 795 433 874 ἰεχυρὰ
460 795 559 876 πόλιε,
589 792 629 856 ad
658 811 754 874 quem
783 792 1012 875 Aristophanis
1042 797 1103 858 Av.
1121 797 1185 859 829

63 911 150 976 supra
169 903 436 961 commemoratus
454 897 616 981 respicere
636 893 771 958 videtur.
802 895 953 959 Oetemm
973 895 1046 961 vide
1066 896 1187 962 dehoc

63 997 222 1080 Ἀττικιεμῷ
247 999 331 1063 Guil.
351 999 492 1082 Schmid
517 1000 708 1064 Atticismus
725 998 749 1080 Ι,
774 999 840 1061 244
865 1002 898 1063 et
916 998 974 1080 lv,
996 1000 1069 1064 619.

143 1100 181 1162 Iu
201 1103 340 1166 Avium
360 1123 388 1166 ν.
406 1105 470 1167 672
496 1103 612 1181 ῥύγχοε
636 1101 807 1180 ὀβελίεκοιν
827 1100 890 1180 ἔχει
915 1100 1019 1165 dualis
1038 1102 1067 1167 R
1091 1103 1184 1166 scho-

60 1203 233 1287 liorumque
249 1207 421 1285 ὀβελίεκοιν
437 1206 556 1290 plurali
576 1205 605 1266 V
629 1206 798 1283 ὀβελίτκων
813 1205 1024 1287 praeferenda
1046 1209 1102 1270 est.
1132 1207 1185 1270 Sic

60 1306 138 1370 enim
174 1311 323 1373 accurate
353 1310 547 1392 exprimitur
581 1307 707 1371 duabus
741 1307 841 1370 hastis
874 1311 1011 1372 rostrum
1043 1309 1183 1390 formari,

59 1429 115 1490 quo
139 1410 194 1474 ille
217 1411 338 1494 histrio,
367 1412 423 1494 qui
446 1411 605 1475 lusciniae
628 1413 735 1494 partes
758 1409 881 1493 agebm,
905 1411 1084 1475 instructus
1108 1416 1183 1475 erat

61 1515 103 1575 Ac
126 1532 167 1577 ne
192 1515 264 1596 quis
288 1534 363 1578 cunr
381 1515 579 1597 'lyrwhittiu
604 1513 660 1596 qui
684 1512 801 1593 ῥύγχος
820 1511 991 1592 ὀβελίεκιον
1010 1515 1188 1598 proposuit,

58 1617 88 1677 in
111 1618 351 1682 constructione
376 1618 493 1698 ῥύγχος
515 1615 689 1696 ὀβελίεκοιν
712 1614 905 1698 offendatur,
934 1615 1101 1680 atterimus
1127 1621 1186 1682 Ar.

59 1720 118 1781 686
147 1721 312 1799 πλάεματα
339 1725 454 1804 πηλοῦ,
483 1721 562 1784 Ach.
580 1721 644 1783 992
673 1720 830 1799 ετέφανοε
863 1719 1021 1803 ἀνθέμων,
1051 1720 1103 1785 Ls.
1122 1723 1184 1785 647

57 1823 191 1900 ἰτχάδων
218 1822 378 1906 ὁρμαθὸν,
409 1824 455 1887 Pl.
473 1825 537 1887 586
566 1825 691 1887 κοτίνου
722 1823 877 1906 ετεφάνῳ,
908 1825 971 1886 165
1001 1828 1186 1903 κριβανιιῶν

56 1925 111 2000 lsir
135 1945 194 2007 pro
218 1924 309 1990 codd.
323 1926 463 1990 lectione
488 1929 691 2005 κριβανωτῶν
710 1921 917 1988 scribendum
937 1931 993 2005 est,
1018 1929 1055 1989 ut
1077 1932 1188 2009 postea

56 2029 86 2088 in
111 2029 227 2111 capitis
250 2027 296 2091 IV
317 2031 336 2110 ξ
354 2030 395 2092 12
420 2029 454 2092 in
478 2029 523 2092 Pl.
543 2029 607 2092 765
632 2027 798 2092 tractando
822 2027 1020 2110 videbimus)
1044 2029 1187 2112 ὁρμαθῷ,

57 2129 111 2212 λ’ρ.
128 2133 196 2194 475
216 2129 376 2208 κρὰεπεδα
392 2133 581 2212 ετεμμάτων,
600 2132 686 2194 1144
705 2131 822 2210 κρόκης
842 2131 934 2223 χόλιξ,
950 2130 1007 2195 ubi
1023 2132 1187 2214 genitivus

55 2235 205 2298 materiae
228 2253 286 2317 pro
309 2235 344 2298 ἐκ
369 2254 443 2298 cum
465 2235 608 2317 genitivo
632 2234 804 2298 invonitur.
838 2233 884 2297 cf.
901 2234 997 2298 etiam
1016 2233 1187 2298 Kuehner·

54 2335 151 2400 tlerth
178 2337 231 2399 Gr.
249 2336 301 2399 Gr.
319 2337 366 2399 ΙΙι
386 2339 405 2417 ,S
424 2339 499 2416 414,
525 2339 579 2418 1ο,
603 2357 632 2420 p.
650 2339 715 2400 333
741 2341 773 2400 et
796 2341 815 2416 ῥ’
832 2338 896 2400 402
907 2357 932 2418 ο,
957 2356 985 2420 p.
1003 2338 1077 2400 264.

140 2440 183 2502 ln
207 2439 514 2504 Acharnensium
538 2460 566 2502 v.
589 2441 654 2502 336
679 2439 806 2504 ἀπολεῑε
833 2439 974 2518 ἀρατὸν
998 2440 1040 2515 (θ’
1061 2439 1187 2503 addin

52 2541 78 2605 R
108 2561 174 2606 sec.
198 2541 318 2623 Herw.)
347 2543 435 2620 ἥλικα
465 2541 553 2623 (Rus
581 2542 693 2619 schol,
725 2541 788 2620 ἄρα
818 2543 847 2606 θ’
868 2545 957 2621 ἥλικα
987 2543 1061 2624 ΒΔ)
1091 2543 1187 2607 τόνδε

52 2645 270 2723 φιλανθρακέα
297 2643 488 2709 Dindorlius
517 2645 636 2728 aliique
664 2645 802 2710 editores
830 2647 1008 2729 Reisigium
1035 2647 1136 2727 (Cori.
1156 2665 1186 2729 p.

51 2747 127 2824 riui
151 2747 259 2811 secuti
283 2747 334 2826 ἄρ’
352 2748 485 2826 ὁμήλικα
509 2767 564 2831 pro
589 2747 738 2812 codicum
761 2748 954 2813 lectionibus
978 2751 1186 2832 scripsemnt

50 2849 165 2932 Neque
192 2867 268 2913 vero
287 2849 558 2931 acquiescendum
582 2850 752 2916 videbatur
771 2851 893 2915 criticis
916 2853 950 2914 in
970 2853 1030 2915 hac
1049 2851 1186 2934 Reisigii

49 2955 248 3017 coniectura.
292 2952 374 3016 Nam
415 2959 639 3036 praeterquam
682 2952 768 3036 quod
803 2975 821 3017 a
856 2953 980 3016 traditis
1017 2953 1187 3036 scripturis

47 3055 185 3136 recedit,
205 3057 300 3120 etiarn
317 3055 491 3120 verendum
512 3062 568 3138 est,
588 3060 624 3119 ut
643 3055 801 3140 choragus
821 3055 950 3120 corbem
967 3055 1186 3119 carbonariam

47 3158 221 3241 aequalem
245 3157 372 3222 dixerit
404 3159 577 3242 Propterea
600 3158 759 3242 Bergkius
783 3177 849 3221 uon
873 3157 955 3222 male
980 3158 1030 3236 ἄρ’
1048 3157 1185 3237 ἀφήλικα

48 3262 202 3324 coniecit
242 3259 304 3324 Sed
334 3261 435 3325 multo
467 3263 567 3344 magis
598 3281 693 3344 quam
725 3260 856 3344 Bergkii
889 3262 1073 3324 coniectura
1106 3261 1185 3324 mihi

47 3364 173 3428 arridet
197 3363 240 3444 id,
263 3363 350 3446 quod
374 3364 557 3430 Meinelrius
580 3366 614 3428 in
638 3363 734 3427 Vind.
751 3366 806 3428 Ar.
823 3367 889 3448 ps
914 3364 1088 3448 proposuit.
1114 3363 1185 3440 Quo

46 3467 117 3531 loco
144 3468 201 3530 vir
223 3466 276 3532 ille
296 3465 501 3531 doctissimus
520 3487 578 3550 pro
598 3466 708 3531 subtili
726 3487 784 3530 suo
804 3467 934 3550 ingenio
951 3487 1062 3531 vocem
1080 3469 1188 3545 τήλικα

46 3569 186 3652 Borgkii
216 3569 383 3632 mutationi
414 3569 564 3650 ἀφήλικα,
596 3571 629 3632 in
660 3591 754 3652 quam
787 3571 856 3654 ipse
887 3590 1015 3653 quoque
1046 3571 1186 3653 primum

43 3672 220 3753 inciderat,
244 3673 422 3754 oppositam
445 3673 600 3755 potiorem
624 3692 694 3736 esse
718 3675 852 3754 monuit,
877 3677 914 3736 ut
937 3674 1035 3737 verba
1059 3671 1186 3737 ἀπολεῑε

45 3775 108 3856 ἄρα
132 3778 246 3853 τήλικα
268 3775 364 3838 τόνδε
388 3777 605 3855 φιλανθρακέα
627 3776 662 3838 in
687 3776 774 3839 hunc
796 3776 864 3840 iere
883 3775 1015 3839 modum
1035 3773 1188 3838 vertenda

44 3885 174 3942 essent:
199 3875 299 3940 Hunc
322 3876 464 3941 tantulae
482 3878 594 3942 aetatis
614 3879 836 3943 carbonarium
858 3879 1041 3962 perditurus
1061 3897 1103 3941 es.
1132 3877 1187 3941 Sic

44 3988 74 4044 ot
94 3980 283 4045 sententiae
303 3983 335 4043 et
353 3981 504 4062 numeris,
525 3981 580 4063 qui
595 3981 699 4045 versui
718 3983 782 4044 285
803 3985 834 4046 εὲ
854 3987 910 4061 μέν
929 3983 990 4047 οὖν
1003 3980 1187 4045 καταλεύεο-

45 4105 111 4164 μεν,
137 4084 168 4147 ὧ
195 4086 291 4163 μιαρὰ
314 4085 435 4162 κεφαλὴ
460 4084 664 4167 respondent,
689 4086 808 4168 optime
832 4085 1019 4149 consulitur.
