3184 5234
341 479 384 542 34
771 481 889 538 Victor
908 481 1051 552 Goulon,

340 653 470 718 Worter
492 655 552 717 mit
565 654 815 719 tribrachischar
830 653 986 736 Messung
1008 673 1060 716 am
1076 652 1259 736 htufigsten
1282 653 1326 716 im
1343 657 1473 716 viar-tan

340 756 429 822 Fulle
456 757 527 836 auf3
557 757 628 822 hier
656 777 722 821 war
751 776 786 822 es
818 757 870 821 die
899 756 1001 820 Olisur
1026 756 1109 822 nach
1137 755 1196 820 der
1222 755 1341 821 dritten
1369 755 1472 834 Basia,

341 860 463 924 welche
478 859 531 925 dia
546 860 774 944 Ausdehnuug
789 859 846 925 des
862 859 991 924 Wortes
1007 858 1154 924 hindcrte
1175 859 1250 941 und,
1274 859 1314 923 da
1337 859 1385 923 sia
1408 859 1472 923 den

342 963 424 1027 Vers
451 963 626 1046 gleichsam
654 964 689 1027 in
716 965 796 1028 zwei
823 961 947 1046 gleiche
970 961 1101 1026 Hillften
1125 961 1272 1044 zerlegts,
1302 981 1341 1025 zu
1366 961 1473 1026 einem

340 1065 514 1130 lihnlichen
532 1066 663 1150 Aniang
687 1068 807 1148 nbtigta
823 1067 884 1130 wie
907 1067 951 1128 im
976 1069 1082 1129 ersten
1099 1063 1220 1130 Fusse”.
1243 1067 1352 1146 Atque
1376 1065 1473 1129 hosce

341 1187 455 1234 versus
479 1168 654 1250 alfenmuS,
678 1171 710 1232 in
735 1169 853 1252 quibus
869 1168 962 1232 ἕνεκα
977 1167 1174 1232 tribrachum
1191 1167 1309 1232 efficit:
1335 1167 1388 1232 Pc.
1407 1169 1472 1232 664

341 1272 491 1338 ἀκούταθ’
506 1271 592 1351 ὑμεῖς
616 1271 663 1336 ὼν
686 1274 779 1338 ἕνεκα
802 1273 934 1350 μομφὴν
958 1271 1029 1352 ἔχει,
1052 1273 1113 1335 Αν.
1133 1273 1218 1334 1544
1236 1272 1360 1335 τούτων
1380 1273 1474 1336 ἕνεκα

341 1375 429 1455 δεῦρ’
446 1375 555 1457 ἦλθον,
570 1375 625 1439 ἵνα
641 1375 789 1455 φράταιμί
806 1395 860 1452 τοι,
883 1372 937 1436 Tb.
954 1375 1020 1436 443
1038 1373 1153 1448 ὀλίγων
1169 1375 1261 1438 ἕνεκα
1277 1375 1373 1452 καῶτὴ
1393 1395 1474 1453 πορ-

340 1481 440 1556 ῆλθον
465 1477 622 1556 ῥημάτων.
646 1477 735 1554 Quae
759 1496 833 1540 cum
855 1478 900 1540 ita
923 1477 995 1556 sint,
1020 1476 1116 1540 lectio
1132 1476 1229 1542 S-ll
1246 1477 1339 1542 ἕνεκα
1361 1483 1474 1541 contra

342 1585 414 1645 cett.
431 1600 515 1644 omn.
532 1579 623 1644 codd.
640 1582 747 1645 ἕνεκεν
771 1577 936 1662 sequenda
958 1578 1037 1641 mihi
1059 1579 1193 1643 videtur.
1217 1579 1363 1643 Fortasse
1385 1582 1474 1662 quis·
1580 1567 1581 1582 ¹

340 1683 426 1766 piam
450 1680 584 1746 dixerit:
609 1703 682 1747 cum
707 1701 820 1746 omnes
843 1681 971 1746 codices
990 1684 1103 1746 contra
1118 1681 1148 1744 V
1163 1682 1291 1762 iaciant,
1315 1684 1384 1746 veri
1406 1703 1473 1746 non

342 1791 390 1848 est
412 1784 516 1848 simile
533 1784 561 1844 V
578 1786 753 1868 genuinam
776 1785 929 1868 praebere
946 1784 1145 1867 scripturam.
1169 1787 1214 1849 At
1229 1786 1305 1848 salis
1322 1785 1415 1848 multi
1437 1787 1473 1848 in

341 1886 387 1950 Pl.
403 1886 513 1950 fabula
535 1887 746 1950 inveniuntur
769 1887 843 1969 loci,
872 1886 1038 1969 quibusV
1062 1892 1173 1952 contra
1197 1891 1321 1952 ceteros
1344 1887 1473 1951 codices

342 2007 454 2053 verum
477 1990 625 2052 servavit
649 1988 730 2052 Mihi
755 1988 885 2072 quidem
909 1989 943 2052 in
960 1987 1093 2053 Valseni
1116 1995 1268 2072 apparatu
1293 1990 1405 2054 critico
1431 1991 1473 2052 14

341 2091 404 2156 1661
431 2093 465 2155 in
494 2111 556 2154 vss.
574 2093 647 2174 256,
677 2093 751 2171 286,
780 2093 854 2173 307,
884 2093 957 2174 340,
989 2093 1062 2174 621,
1093 2093 1166 2175 707,
1196 2095 1270 2174 715,
1300 2095 1373 2172 781,
1398 2095 1473 2174 948,

342 2197 416 2273 975,
448 2195 543 2275 1037,
574 2197 669 2276 1116,
701 2197 796 2277 1131,
823 2197 907 2260 1205
932 2202 1151 2260 occurrerunt
1187 2198 1296 2278 Atque
1320 2197 1414 2260 etiam
1439 2197 1471 2260 in

341 2296 387 2360 Pl.
406 2298 470 2360 586
495 2296 575 2360 illud
600 2298 725 2361 κοτίνου
750 2299 894 2382 ττεφάνῳ
919 2296 1018 2362 S-V
1033 2298 1239 2362 retinendum
1269 2317 1338 2363 esse
1362 2305 1474 2362 contra

342 2402 530 2484 scripturam
560 2405 674 2484 κοτινῷ
698 2402 842 2484 ττεφάνῳ
871 2421 913 2465 ex
937 2405 1009 2466 cett
1031 2400 1122 2464 codd.
1142 2401 1335 2466 lectionibus
1359 2405 1472 2484 κοτίνῳ

342 2504 487 2584 στεφάνῳ
516 2502 606 2584 (ΒΜ,
638 2505 751 2568 κοτίνω
781 2505 925 2583 ττεφάνω
955 2505 1039 2586 cett)
1068 2503 1250 2586 Dindorfio,
1279 2503 1473 2586 Meineclrio‚

341 2604 483 2668 Valseno
507 2605 578 2668 aliis
601 2605 764 2687 probatam
788 2625 818 2688 p.
836 2608 877 2669 38
902 2625 1071 2690 exponam.

430 2707 499 2771 Iam
523 2706 562 2770 ad
585 2707 641 2771 Ec.
659 2708 722 2770 659
742 2726 921 2791 pergamus
947 2709 1001 2772 ubi
1018 2708 1068 2772 Rs
1082 2712 1214 2774 πολλῶν
1231 2712 1336 2776 ἕνεκεν
1356 2713 1415 2792 (κε
1433 2712 1473 2792 Γ),

341 2810 369 2874 Ν
394 2813 525 2875 πολλῶν
549 2809 680 2875 οὕνεκεν
703 2810 865 2893 praebent
889 2809 940 2874 Ad
958 2811 1167 2894 Blaydesium
1185 2832 1237 2876 me
1255 2833 1320 2877 non
1338 2814 1472 2897 applico,
1583 2793 1584 2874 i

341 2915 397 2997 qui
414 2912 454 2976 ad
475 2914 505 2977 h.
522 2933 550 2976 v.
567 2911 745 2977 adnotavit:
771 2913 875 2978 “Fort.
892 2916 1021 2978 πολλῶν
1041 2916 1080 2992 νὴ
1096 2919 1213 2980 τοῦτον
1229 2918 1286 2980 τὸν
1296 2917 1472 2981 Ἀπόλλω”.

341 3016 430 3094 Quae
460 3017 645 3081 coniectura
674 3016 826 3081 audacior
849 3019 882 3080 et
904 3016 1074 3081 violentior
1096 3023 1152 3100 est,
1184 3037 1280 3100 quam
1308 3019 1361 3084 cui
1389 3019 1473 3084 fides

340 3120 451 3184 haberi
475 3121 583 3203 possit.
619 3118 665 3184 Cf.
683 3119 813 3182 Bachm.
830 3120 911 3182 coni.
929 3119 1051 3183 observ.
1068 3122 1123 3184 Ar.
1148 3140 1176 3203 p.
1196 3123 1258 3184 113
1284 3119 1324 3186 de
1347 3122 1473 3204 legibus

341 3223 533 3306 repetendae
545 3222 796 3304 praepositionis
817 3221 975 3306 Bergkius
986 3222 1105 3304 aliique
1117 3222 1473 3288 lectionemRnolldrv

341 3327 447 3390 ἕνεκεν
471 3325 611 3408 amplexi
634 3329 717 3387 sunt.
741 3323 831 3400 Quae
855 3344 1051 3407 quamquam
1074 3326 1284 3390 offensionem
1305 3328 1474 3392 metricam

341 3429 447 3510 evitat
467 3435 573 3492 tamen
588 3425 786 3510 repudianda
804 3427 883 3490 mibi
898 3427 1027 3492 videtur
1042 3447 1088 3510 6ο,
1113 3427 1199 3511 quod
1224 3432 1377 3510 quattuor
1399 3429 1476 3494 reli-¹

341 3534 414 3614 quis
428 3531 517 3613 locis,
534 3531 651 3614 quibus
667 3533 809 3596 comicus
825 3533 886 3596 hac
901 3531 1063 3596 locutione
1080 3551 1160 3596 usus
1175 3537 1225 3598 est
1240 3531 1312 3614 (Nb.
1326 3534 1354 3614 6,
1376 3535 1472 3614 1508,

339 3634 395 3698 Ec.
412 3636 487 3715 559,
509 3634 564 3697 Th.
580 3635 666 3715 454),
686 3633 813 3699 codices
828 3635 862 3697 in
878 3635 984 3699 verbis
1000 3638 1128 3700 πολλῶν
1145 3634 1263 3700 οὕνεκα
1279 3636 1473 3701 exhibendis

340 3738 555 3802 consentiunt.
579 3736 684 3813 Quam
708 3737 747 3801 ob
771 3757 838 3802 rem
862 3743 972 3802 nostro
988 3738 1058 3802 loco
1075 3758 1149 3803 cum
1165 3738 1473 3804 Μ611161τ1οπολλῶν

341 3837 459 3904 οὕνεκα
483 3839 623 3904 scribare
647 3859 713 3903 non
732 3839 852 3923 dubito,
876 3842 1062 3924 praesertim
1079 3842 1205 3906 cumin
1221 3843 1473 3926 interrogatione

340 3941 542 4025 Praxagorae
562 3962 591 4006 ν.
610 3944 673 4006 658
689 3947 747 4008 τοῦ
763 3945 824 4023 γὰρ
840 3945 939 4009 τάλαν
956 3943 1062 4010 οὕνεκ’
1079 3944 1216 4023 ἐῶνται,
1242 3943 1353 4008 eadem
1369 3944 1474 4009 forma

340 4047 533 4109 inveniatur.

429 4149 554 4213 Tertius
570 4150 668 4231 locus,
688 4149 743 4213 ubi
761 4151 866 4214 ἕνεκεν
882 4149 967 4234 apud
983 4153 1128 4215 nostrum
1145 4157 1241 4231 extat,
1258 4157 1307 4215 est
1322 4151 1383 4215 Nb.
1395 4152 1471 4232 420,

342 4271 405 4334 quo
422 4254 457 4316 in
481 4271 510 4315 v.
526 4252 652 4316 RVMA
669 4259 740 4317 cett
757 4252 847 4316 codd.
864 4253 970 4318 ἕνεκέν
985 4274 1021 4328 γε
1036 4255 1109 4334 (om.
1119 4275 1155 4330 γε
1165 4253 1206 4336 R)
1229 4254 1368 4318 exibent
1393 4254 1472 4318 Vul-

341 4363 414 4439 gata
437 4356 531 4420 loctio
554 4357 661 4421 ἕνεκέν
684 4378 720 4432 γε
743 4359 844 4420 metro
868 4355 1062 4440 adversatur,
1088 4377 1161 4422 cum
1185 4358 1339 4440 syllabam
1364 4380 1414 4423 ·εν
1437 4361 1472 4422 in
