<?xml version="1.0" encoding="UTF-8"?>
<!DOCTYPE html PUBLIC "-//W3C//DTD XHTML 1.0 Transitional//EN"
    "http://www.w3.org/TR/xhtml1/DTD/xhtml1-transitional.dtd">
<html xmlns="http://www.w3.org/1999/xhtml" xml:lang="en" lang="en">
 <head>
  <title>
</title>
<meta http-equiv="Content-Type" content="text/html;charset=utf-8" />
  <meta name='ocr-system' content='tesseract 3.04.00' />
  <meta name='ocr-capabilities' content='ocr_page ocr_carea ocr_par ocr_line ocrx_word'/>
</head>
<body>
  <div class='ocr_page' id='page_1' title='image "./dissertationesp00unkngoog_0108.png"; bbox 0 0 3084 5228; ppageno 0'>
   <div class='ocr_carea' id='block_1_1' title="bbox 312 335 1240 414">
    <p class='ocr_par' dir='ltr' id='par_1_1' title="bbox 312 335 1240 414">
     <span class='ocr_line' id='line_1_1' title="bbox 312 335 1240 414; baseline -0.002 -14"><span class='ocrx_word' id='word_1_1' title='bbox 312 345 499 414; x_wconf 84' lang='lat' dir='ltr'><strong>Quaestiones</strong></span> <span class='ocrx_word' id='word_1_2' title='bbox 518 345 633 400; x_wconf 74' lang='lat' dir='ltr'><strong>criticae</strong></span> <span class='ocrx_word' id='word_1_3' title='bbox 651 343 681 398; x_wconf 92' lang='lat' dir='ltr'><strong>in</strong></span> <span class='ocrx_word' id='word_1_4' title='bbox 699 343 896 413; x_wconf 76' lang='lat' dir='ltr'><strong>Aristophanis</strong></span> <span class='ocrx_word' id='word_1_5' title='bbox 914 343 1033 399; x_wconf 78' lang='lat' dir='ltr'><strong>tabulas.</strong></span> <span class='ocrx_word' id='word_1_6' title='bbox 1198 335 1240 399; x_wconf 80' lang='lat'><strong>95</strong></span> 
     </span>
    </p>
   </div>
   <div class='ocr_carea' id='block_1_2' title="bbox 98 515 1242 4300">
    <p class='ocr_par' dir='ltr' id='par_1_2' title="bbox 98 515 1242 1930">
     <span class='ocr_line' id='line_1_2' title="bbox 98 515 1242 600; baseline -0.001 -19"><span class='ocrx_word' id='word_1_7' title='bbox 98 523 195 600; x_wconf 79' lang='lat' dir='ltr'><strong>sont,</strong></span> <span class='ocrx_word' id='word_1_8' title='bbox 218 517 256 581; x_wconf 88' lang='grc'><strong>0.</strong></span> <span class='ocrx_word' id='word_1_9' title='bbox 276 517 484 582; x_wconf 86' lang='lat' dir='ltr'><strong>Hermannus</strong></span> <span class='ocrx_word' id='word_1_10' title='bbox 502 518 594 595; x_wconf 98' lang='grc' dir='ltr'>μέγα.</span> <span class='ocrx_word' id='word_1_11' title='bbox 622 516 784 600; x_wconf 80' lang='lat' dir='ltr'>Equidem</span> <span class='ocrx_word' id='word_1_12' title='bbox 807 534 922 580; x_wconf 87' lang='lat' dir='ltr'><strong>vereor</strong></span> <span class='ocrx_word' id='word_1_13' title='bbox 951 521 986 578; x_wconf 90' lang='lat' dir='ltr'><strong>ut</strong></span> <span class='ocrx_word' id='word_1_14' title='bbox 1009 515 1242 598; x_wconf 77' lang='lat' dir='ltr'><strong>Aristophanes</strong></span> 
     </span>
     <span class='ocr_line' id='line_1_3' title="bbox 101 617 1241 700; baseline -0.003 -16"><span class='ocrx_word' id='word_1_15' title='bbox 101 622 184 696; x_wconf 87' lang='grc' dir='ltr'>μέγα</span> <span class='ocrx_word' id='word_1_16' title='bbox 208 622 392 700; x_wconf 79' lang='grc' dir='ltr'>φροντίζετε</span> <span class='ocrx_word' id='word_1_17' title='bbox 416 619 543 684; x_wconf 88' lang='lat' dir='ltr'><strong>dixerit</strong></span> <span class='ocrx_word' id='word_1_18' title='bbox 573 618 656 682; x_wconf 86' lang='lat' dir='ltr'><strong>Nem</strong></span> <span class='ocrx_word' id='word_1_19' title='bbox 678 619 713 681; x_wconf 91' lang='lat' dir='ltr'><strong>in</strong></span> <span class='ocrx_word' id='word_1_20' title='bbox 737 617 897 681; x_wconf 85' lang='lat' dir='ltr'><strong>similibus</strong></span> <span class='ocrx_word' id='word_1_21' title='bbox 920 617 1139 682; x_wconf 85' lang='lat' dir='ltr'><strong>locutionibus</strong></span> <span class='ocrx_word' id='word_1_22' title='bbox 1163 619 1241 696; x_wconf 87' lang='grc' dir='ltr'>μέγα</span> 
     </span>
     <span class='ocr_line' id='line_1_4' title="bbox 99 721 1240 804; baseline 0.001 -20"><span class='ocrx_word' id='word_1_23' title='bbox 99 726 254 804; x_wconf 80' lang='grc' dir='ltr'>βροντᾶν,</span> <span class='ocrx_word' id='word_1_24' title='bbox 274 725 364 803; x_wconf 82' lang='grc' dir='ltr'>βοᾶν,</span> <span class='ocrx_word' id='word_1_25' title='bbox 381 723 581 803; x_wconf 82' lang='grc' dir='ltr'>ἀνακραγεῖν,</span> <span class='ocrx_word' id='word_1_26' title='bbox 600 723 707 798; x_wconf 76' lang='grc' dir='ltr'>λέγειν,</span> <span class='ocrx_word' id='word_1_27' title='bbox 724 723 850 802; x_wconf 87' lang='grc' dir='ltr'>ττένειν,</span> <span class='ocrx_word' id='word_1_28' title='bbox 867 722 1059 800; x_wconf 83' lang='grc' dir='ltr'>ἀποπέρδετν</span> <span class='ocrx_word' id='word_1_29' title='bbox 1078 742 1098 785; x_wconf 86' lang='lat' dir='ltr'><strong>e</strong></span> <span class='ocrx_word' id='word_1_30' title='bbox 1116 721 1240 785; x_wconf 88' lang='lat' dir='ltr'><strong>comico</strong></span> 
     </span>
     <span class='ocr_line' id='line_1_5' title="bbox 101 823 1240 907; baseline 0.001 -19"><span class='ocrx_word' id='word_1_31' title='bbox 101 825 257 888; x_wconf 85' lang='lat' dir='ltr'><strong>adhibitis</strong></span> <span class='ocrx_word' id='word_1_32' title='bbox 272 825 353 888; x_wconf 91' lang='lat' dir='ltr'><strong>illud</strong></span> <span class='ocrx_word' id='word_1_33' title='bbox 369 828 447 902; x_wconf 83' lang='grc' dir='ltr'>μέγα</span> <span class='ocrx_word' id='word_1_34' title='bbox 459 828 608 888; x_wconf 68' lang='lat' dir='ltr'><strong>&#39;noenum</strong></span> <span class='ocrx_word' id='word_1_35' title='bbox 626 823 737 888; x_wconf 73' lang='lat' dir='ltr'><strong>“lant&#39;</strong></span> <span class='ocrx_word' id='word_1_36' title='bbox 754 824 924 907; x_wconf 87' lang='lat' dir='ltr'><strong>signilieat</strong></span> <span class='ocrx_word' id='word_1_37' title='bbox 944 823 1060 888; x_wconf 89' lang='lat' dir='ltr'><strong>Nostro</strong></span> <span class='ocrx_word' id='word_1_38' title='bbox 1077 843 1153 889; x_wconf 85' lang='lat' dir='ltr'><strong>vem</strong></span> <span class='ocrx_word' id='word_1_39' title='bbox 1168 824 1240 889; x_wconf 89' lang='lat' dir='ltr'><strong>loco</strong></span> 
     </span>
     <span class='ocr_line' id='line_1_6' title="bbox 99 927 1241 1009; baseline -0.002 -19"><span class='ocrx_word' id='word_1_40' title='bbox 99 927 295 991; x_wconf 82' lang='lat' dir='ltr'><strong>adverbium</strong></span> <span class='ocrx_word' id='word_1_41' title='bbox 320 927 429 1008; x_wconf 62' lang='lat' dir='ltr'><strong>“sehn</strong></span> <span class='ocrx_word' id='word_1_42' title='bbox 454 927 638 1008; x_wconf 79' lang='lat' dir='ltr'><strong>eruatlleh”,</strong></span> <span class='ocrx_word' id='word_1_43' title='bbox 663 927 752 1009; x_wconf 91' lang='lat' dir='ltr'><strong>quod</strong></span> <span class='ocrx_word' id='word_1_44' title='bbox 775 927 896 991; x_wconf 84' lang='lat' dir='ltr'><strong>Graece</strong></span> <span class='ocrx_word' id='word_1_45' title='bbox 921 945 1000 990; x_wconf 86' lang='lat' dir='ltr'><strong>voce</strong></span> <span class='ocrx_word' id='word_1_46' title='bbox 1027 927 1110 990; x_wconf 89' lang='grc' dir='ltr'>πάνυ</span> <span class='ocrx_word' id='word_1_47' title='bbox 1134 927 1241 1009; x_wconf 81' lang='lat' dir='ltr'><strong>expri-</strong></span> 
     </span>
     <span class='ocr_line' id='line_1_7' title="bbox 101 1029 1238 1112; baseline 0 -20"><span class='ocrx_word' id='word_1_48' title='bbox 101 1031 206 1093; x_wconf 89' lang='lat' dir='ltr'><strong>mitur</strong></span> <span class='ocrx_word' id='word_1_49' title='bbox 232 1029 380 1112; x_wconf 64' lang='grc'>(141620</span> <span class='ocrx_word' id='word_1_50' title='bbox 408 1031 493 1093; x_wconf 83' lang='grc' dir='ltr'>πάνυ</span> <span class='ocrx_word' id='word_1_51' title='bbox 514 1032 663 1111; x_wconf 76' lang='lat' dir='ltr'><strong>bibone,</strong></span> <span class='ocrx_word' id='word_1_52' title='bbox 687 1029 734 1093; x_wconf 93' lang='lat' dir='ltr'><strong>Pl.</strong></span> <span class='ocrx_word' id='word_1_53' title='bbox 754 1029 817 1092; x_wconf 89' lang='grc'><strong>122</strong></span> <span class='ocrx_word' id='word_1_54' title='bbox 846 1029 976 1107; x_wconf 77' lang='lat' dir='ltr'><strong>oppono</strong></span> <span class='ocrx_word' id='word_1_55' title='bbox 1000 1031 1097 1111; x_wconf 87' lang='grc' dir='ltr'>πάνυ,</span> <span class='ocrx_word' id='word_1_56' title='bbox 1121 1029 1177 1093; x_wconf 83' lang='lat' dir='ltr'><strong>Ra</strong></span> <span class='ocrx_word' id='word_1_57' title='bbox 1198 1030 1238 1092; x_wconf 88' lang='grc'><strong>65</strong></span> 
     </span>
     <span class='ocr_line' id='line_1_8' title="bbox 99 1133 1240 1216; baseline -0.002 -19"><span class='ocrx_word' id='word_1_58' title='bbox 99 1134 190 1196; x_wconf 76' lang='grc' dir='ltr'>πάνυ</span> <span class='ocrx_word' id='word_1_59' title='bbox 203 1171 244 1180; x_wconf 91' lang='lat'><em>-</em></span> <span class='ocrx_word' id='word_1_60' title='bbox 259 1134 430 1215; x_wconf 56' lang='lat' dir='ltr'><strong>pnvbdvrot</strong></span> <span class='ocrx_word' id='word_1_61' title='bbox 455 1151 551 1197; x_wconf 88' lang='lat' dir='ltr'><strong>sensu</strong></span> <span class='ocrx_word' id='word_1_62' title='bbox 571 1133 758 1216; x_wconf 89' lang='lat' dir='ltr'><strong>postuletur.</strong></span> <span class='ocrx_word' id='word_1_63' title='bbox 783 1135 892 1214; x_wconf 81' lang='lat' dir='ltr'>Atque</span> <span class='ocrx_word' id='word_1_64' title='bbox 918 1135 997 1211; x_wconf 86' lang='grc' dir='ltr'>μέγα</span> <span class='ocrx_word' id='word_1_65' title='bbox 1022 1133 1183 1214; x_wconf 91' lang='lat' dir='ltr'><strong>quomodo</strong></span> <span class='ocrx_word' id='word_1_66' title='bbox 1206 1134 1240 1195; x_wconf 90' lang='lat' dir='ltr'><strong>iu</strong></span> 
     </span>
     <span class='ocr_line' id='line_1_9' title="bbox 101 1235 1241 1330; baseline 0 -30"><span class='ocrx_word' id='word_1_67' title='bbox 101 1241 232 1300; x_wconf 82' lang='lat' dir='ltr'><strong>textum</strong></span> <span class='ocrx_word' id='word_1_68' title='bbox 249 1235 271 1300; x_wconf 84' lang='lat' dir='ltr'>S</span> <span class='ocrx_word' id='word_1_69' title='bbox 287 1238 420 1318; x_wconf 79' lang='lat' dir='ltr'><strong>venerit</strong></span> <span class='ocrx_word' id='word_1_70' title='bbox 436 1237 642 1300; x_wconf 69' lang='lat' dir='ltr'><strong>adnotatione</strong></span> <span class='ocrx_word' id='word_1_71' title='bbox 661 1237 758 1301; x_wconf 88' lang='lat' dir='ltr'><strong>schol.</strong></span> <span class='ocrx_word' id='word_1_72' title='bbox 779 1237 804 1298; x_wconf 92' lang='lat' dir='ltr'><strong>V</strong></span> <span class='ocrx_word' id='word_1_73' title='bbox 822 1238 917 1314; x_wconf 88' lang='grc' dir='ltr'>μέγα·</span> <span class='ocrx_word' id='word_1_74' title='bbox 934 1237 1002 1300; x_wconf 81' lang='grc' dir='ltr'>ἀντὶ</span> <span class='ocrx_word' id='word_1_75' title='bbox 1020 1240 1079 1299; x_wconf 83' lang='grc' dir='ltr'>τοῦ</span> <span class='ocrx_word' id='word_1_76' title='bbox 1100 1237 1241 1330; x_wconf 74' lang='grc' dir='ltr'>μεγάλω(</span> 
     </span>
     <span class='ocr_line' id='line_1_10' title="bbox 100 1323 1239 1421; baseline -0.001 -20"><span class='ocrx_word' id='word_1_77' title='bbox 100 1338 153 1401; x_wconf 76' lang='lat' dir='ltr'><strong>ed.</strong></span> <span class='ocrx_word' id='word_1_78' title='bbox 176 1359 205 1401; x_wconf 88' lang='grc' dir='ltr'>ν.</span> <span class='ocrx_word' id='word_1_79' title='bbox 222 1339 287 1402; x_wconf 91' lang='grc'><strong>220</strong></span> <span class='ocrx_word' id='word_1_80' title='bbox 306 1338 485 1418; x_wconf 84' lang='grc' dir='ltr'>ἀναβόηεον</span> <span class='ocrx_word' id='word_1_81' title='bbox 507 1377 545 1386; x_wconf 88' lang='grc'>-</span> <span class='ocrx_word' id='word_1_82' title='bbox 564 1341 642 1416; x_wconf 88' lang='grc' dir='ltr'>μέγα</span> <span class='ocrx_word' id='word_1_83' title='bbox 661 1339 822 1420; x_wconf 85' lang='lat' dir='ltr'><strong>doeemur,</strong></span> <span class='ocrx_word' id='word_1_84' title='bbox 845 1359 941 1421; x_wconf 90' lang='lat' dir='ltr'><strong>quam</strong></span> <span class='ocrx_word' id='word_1_85' title='bbox 960 1338 1042 1402; x_wconf 79' lang='lat' dir='ltr'><strong>falso</strong></span> <span class='ocrx_word' id='word_1_86' title='bbox 1061 1323 1116 1402; x_wconf 57' lang='lat' dir='ltr'><strong>ads</strong></span> <span class='ocrx_word' id='word_1_87' title='bbox 1129 1359 1157 1402; x_wconf 91' lang='lat' dir='ltr'><strong>v.</strong></span> <span class='ocrx_word' id='word_1_88' title='bbox 1175 1339 1239 1402; x_wconf 89' lang='grc'>215</span> 
     </span>
     <span class='ocr_line' id='line_1_11' title="bbox 100 1441 1240 1521; baseline 0.001 -18"><span class='ocrx_word' id='word_1_89' title='bbox 100 1441 250 1505; x_wconf 84' lang='lat' dir='ltr'><strong>reterens</strong></span> <span class='ocrx_word' id='word_1_90' title='bbox 266 1441 383 1504; x_wconf 83' lang='lat' dir='ltr'><strong>Snides</strong></span> <span class='ocrx_word' id='word_1_91' title='bbox 398 1443 493 1520; x_wconf 88' lang='grc' dir='ltr'>μέγα·</span> <span class='ocrx_word' id='word_1_92' title='bbox 514 1441 580 1505; x_wconf 84' lang='grc' dir='ltr'>ἀντὶ</span> <span class='ocrx_word' id='word_1_93' title='bbox 596 1445 655 1505; x_wconf 84' lang='grc' dir='ltr'>τοῦ</span> <span class='ocrx_word' id='word_1_94' title='bbox 672 1443 823 1519; x_wconf 82' lang='grc' dir='ltr'>μεγάλωε.</span> <span class='ocrx_word' id='word_1_95' title='bbox 840 1443 1058 1521; x_wconf 82' lang='grc' dir='ltr'>Ἀριετοφάνηε</span> <span class='ocrx_word' id='word_1_96' title='bbox 1075 1441 1240 1521; x_wconf 77' lang='grc' dir='ltr'>Νεφέλαιε,</span> 
     </span>
     <span class='ocr_line' id='line_1_12' title="bbox 98 1543 1241 1626; baseline 0 -20"><span class='ocrx_word' id='word_1_97' title='bbox 98 1546 204 1608; x_wconf 80' lang='grc' dir='ltr'>τοῦτο</span> <span class='ocrx_word' id='word_1_98' title='bbox 227 1545 305 1620; x_wconf 88' lang='grc' dir='ltr'>μέγα</span> <span class='ocrx_word' id='word_1_99' title='bbox 328 1546 510 1622; x_wconf 82' lang='grc' dir='ltr'>φροντίζετε</span> <span class='ocrx_word' id='word_1_100' title='bbox 533 1543 673 1626; x_wconf 89' lang='lat' dir='ltr'><strong>protulit</strong></span> <span class='ocrx_word' id='word_1_101' title='bbox 708 1544 875 1626; x_wconf 82' lang='lat' dir='ltr'><strong>Scriptura</strong></span> <span class='ocrx_word' id='word_1_102' title='bbox 897 1551 1003 1608; x_wconf 88' lang='lat' dir='ltr'><strong>autem</strong></span> <span class='ocrx_word' id='word_1_103' title='bbox 1026 1543 1057 1602; x_wconf 88' lang='lat' dir='ltr'><strong>V</strong></span> <span class='ocrx_word' id='word_1_104' title='bbox 1080 1544 1171 1606; x_wconf 77' lang='grc' dir='ltr'>πόλιν</span> <span class='ocrx_word' id='word_1_105' title='bbox 1197 1544 1241 1605; x_wconf 82' lang='lat' dir='ltr'><strong>ita</strong></span> 
     </span>
     <span class='ocr_line' id='line_1_13' title="bbox 102 1645 1241 1729; baseline 0.001 -21"><span class='ocrx_word' id='word_1_106' title='bbox 102 1653 177 1708; x_wconf 86' lang='lat' dir='ltr'><strong>orta</strong></span> <span class='ocrx_word' id='word_1_107' title='bbox 192 1649 248 1726; x_wconf 64' lang='lat' dir='ltr'><strong>est,</strong></span> <span class='ocrx_word' id='word_1_108' title='bbox 265 1652 300 1708; x_wconf 86' lang='lat' dir='ltr'><strong>nt</strong></span> <span class='ocrx_word' id='word_1_109' title='bbox 315 1645 465 1708; x_wconf 88' lang='lat' dir='ltr'><strong>librarius</strong></span> <span class='ocrx_word' id='word_1_110' title='bbox 480 1665 539 1729; x_wconf 87' lang='lat' dir='ltr'><strong>pro</strong></span> <span class='ocrx_word' id='word_1_111' title='bbox 554 1646 670 1710; x_wconf 88' lang='grc' dir='ltr'>ΠΑΝΥ</span> <span class='ocrx_word' id='word_1_112' title='bbox 685 1665 853 1729; x_wconf 87' lang='lat' dir='ltr'><strong>perperam</strong></span> <span class='ocrx_word' id='word_1_113' title='bbox 864 1646 984 1709; x_wconf 91' lang='grc' dir='ltr'>ΠΑΛΙΝ</span> <span class='ocrx_word' id='word_1_114' title='bbox 1001 1645 1131 1728; x_wconf 79' lang='lat' dir='ltr'><strong>legeret</strong></span> <span class='ocrx_word' id='word_1_115' title='bbox 1149 1645 1241 1722; x_wconf 78' lang='lat' dir='ltr'><strong>Quae</strong></span> 
     </span>
     <span class='ocr_line' id='line_1_14' title="bbox 103 1747 1239 1831; baseline 0.001 -20"><span class='ocrx_word' id='word_1_116' title='bbox 103 1768 181 1812; x_wconf 91' lang='lat' dir='ltr'><strong>cum</strong></span> <span class='ocrx_word' id='word_1_117' title='bbox 205 1749 249 1811; x_wconf 88' lang='lat' dir='ltr'><strong>ita</strong></span> <span class='ocrx_word' id='word_1_118' title='bbox 271 1750 345 1829; x_wconf 75' lang='lat' dir='ltr'><strong>sint</strong></span> <span class='ocrx_word' id='word_1_119' title='bbox 368 1748 519 1812; x_wconf 85' lang='lat' dir='ltr'><strong>adverbio</strong></span> <span class='ocrx_word' id='word_1_120' title='bbox 543 1750 635 1830; x_wconf 79' lang='lat' dir='ltr'><strong>urive,</strong></span> <span class='ocrx_word' id='word_1_121' title='bbox 661 1747 746 1831; x_wconf 92' lang='lat' dir='ltr'><strong>quod</strong></span> <span class='ocrx_word' id='word_1_122' title='bbox 770 1756 808 1812; x_wconf 92' lang='lat' dir='ltr'><strong>ut</strong></span> <span class='ocrx_word' id='word_1_123' title='bbox 827 1747 855 1812; x_wconf 89' lang='lat' dir='ltr'>R</span> <span class='ocrx_word' id='word_1_124' title='bbox 877 1749 922 1812; x_wconf 87' lang='lat' dir='ltr'><strong>ita</strong></span> <span class='ocrx_word' id='word_1_125' title='bbox 940 1748 1005 1812; x_wconf 79' lang='lat' dir='ltr'><strong>MA</strong></span> <span class='ocrx_word' id='word_1_126' title='bbox 1027 1748 1239 1831; x_wconf 87' lang='lat' dir='ltr'><strong>plurimisque</strong></span> 
     </span>
     <span class='ocr_line' id='line_1_15' title="bbox 101 1850 940 1930; baseline -0.001 -16"><span class='ocrx_word' id='word_1_127' title='bbox 101 1851 177 1914; x_wconf 85' lang='lat' dir='ltr'><strong>aliis</strong></span> <span class='ocrx_word' id='word_1_128' title='bbox 200 1850 364 1916; x_wconf 88' lang='lat' dir='ltr'><strong>codicibus</strong></span> <span class='ocrx_word' id='word_1_129' title='bbox 387 1851 582 1930; x_wconf 78' lang='lat' dir='ltr'><strong>adservatur,</strong></span> <span class='ocrx_word' id='word_1_130' title='bbox 605 1851 689 1915; x_wconf 84' lang='lat' dir='ltr'><strong>tides</strong></span> <span class='ocrx_word' id='word_1_131' title='bbox 713 1851 859 1916; x_wconf 88' lang='lat' dir='ltr'><strong>habenda</strong></span> <span class='ocrx_word' id='word_1_132' title='bbox 882 1858 940 1916; x_wconf 88' lang='lat' dir='ltr'><strong>est.</strong></span> 
     </span>
    </p>

    <p class='ocr_par' dir='ltr' id='par_1_3' title="bbox 100 1954 1240 2652">
     <span class='ocr_line' id='line_1_16' title="bbox 196 1954 1240 2038; baseline -0.002 -20"><span class='ocrx_word' id='word_1_133' title='bbox 196 1954 234 2018; x_wconf 88' lang='lat' dir='ltr'><strong>ln</strong></span> <span class='ocrx_word' id='word_1_134' title='bbox 258 1973 287 2016; x_wconf 86' lang='lat' dir='ltr'><strong>v.</strong></span> <span class='ocrx_word' id='word_1_135' title='bbox 304 1955 370 2017; x_wconf 85' lang='grc'><strong>460</strong></span> <span class='ocrx_word' id='word_1_136' title='bbox 394 1955 594 2038; x_wconf 79' lang='lat' dir='ltr'><strong>scripturaS</strong></span> <span class='ocrx_word' id='word_1_137' title='bbox 617 1958 667 2018; x_wconf 85' lang='lat' dir='ltr'><strong>est</strong></span> <span class='ocrx_word' id='word_1_138' title='bbox 688 1956 779 2036; x_wconf 88' lang='grc' dir='ltr'>ἕξων,</span> <span class='ocrx_word' id='word_1_139' title='bbox 804 1955 862 2018; x_wconf 88' lang='lat' dir='ltr'><strong>RV</strong></span> <span class='ocrx_word' id='word_1_140' title='bbox 881 1957 968 2036; x_wconf 86' lang='grc' dir='ltr'>έξειτ,</span> <span class='ocrx_word' id='word_1_141' title='bbox 992 1954 1116 2036; x_wconf 76' lang='lat' dir='ltr'><strong>syllaba</strong></span> <span class='ocrx_word' id='word_1_142' title='bbox 1135 1977 1182 2019; x_wconf 92' lang='grc' dir='ltr'>ων</span> <span class='ocrx_word' id='word_1_143' title='bbox 1206 1956 1240 2017; x_wconf 93' lang='lat' dir='ltr'><strong>in</strong></span> 
     </span>
     <span class='ocr_line' id='line_1_17' title="bbox 103 2057 1240 2141; baseline 0.004 -23"><span class='ocrx_word' id='word_1_144' title='bbox 103 2057 134 2117; x_wconf 90' lang='lat' dir='ltr'><strong>V</strong></span> <span class='ocrx_word' id='word_1_145' title='bbox 158 2075 259 2140; x_wconf 86' lang='lat' dir='ltr'><strong>snpra</strong></span> <span class='ocrx_word' id='word_1_146' title='bbox 287 2077 329 2122; x_wconf 87' lang='lat' dir='ltr'><strong>ec</strong></span> <span class='ocrx_word' id='word_1_147' title='bbox 357 2078 377 2120; x_wconf 84' lang='lat' dir='ltr'><strong>a</strong></span> <span class='ocrx_word' id='word_1_148' title='bbox 403 2077 449 2140; x_wconf 93' lang='lat' dir='ltr'><strong>pr.</strong></span> <span class='ocrx_word' id='word_1_149' title='bbox 474 2078 516 2121; x_wconf 89' lang='lat' dir='ltr'><strong>m.</strong></span> <span class='ocrx_word' id='word_1_150' title='bbox 539 2057 653 2121; x_wconf 86' lang='lat' dir='ltr'><strong>additn</strong></span> <span class='ocrx_word' id='word_1_151' title='bbox 685 2057 856 2141; x_wconf 79' lang='lat' dir='ltr'><strong>Dependet</strong></span> <span class='ocrx_word' id='word_1_152' title='bbox 878 2058 958 2122; x_wconf 80' lang='lat' dir='ltr'><strong>baec</strong></span> <span class='ocrx_word' id='word_1_153' title='bbox 981 2077 1046 2122; x_wconf 81' lang='lat' dir='ltr'><strong>vox</strong></span> <span class='ocrx_word' id='word_1_154' title='bbox 1070 2057 1109 2121; x_wconf 90' lang='lat' dir='ltr'><strong>de</strong></span> <span class='ocrx_word' id='word_1_155' title='bbox 1133 2057 1240 2122; x_wconf 87' lang='lat' dir='ltr'><strong>verbis</strong></span> 
     </span>
     <span class='ocr_line' id='line_1_18' title="bbox 103 2160 1240 2238; baseline 0.002 -16"><span class='ocrx_word' id='word_1_156' title='bbox 103 2161 165 2224; x_wconf 72' lang='lat' dir='ltr'><strong>icor</strong></span> <span class='ocrx_word' id='word_1_157' title='bbox 189 2160 219 2223; x_wconf 89' lang='lat' dir='ltr'><strong>b’</strong></span> <span class='ocrx_word' id='word_1_158' title='bbox 239 2162 284 2226; x_wconf 80' lang='grc' dir='ltr'>ωε</span> <span class='ocrx_word' id='word_1_159' title='bbox 307 2162 339 2222; x_wconf 91' lang='lat' dir='ltr'><strong>iu</strong></span> <span class='ocrx_word' id='word_1_160' title='bbox 362 2180 389 2222; x_wconf 92' lang='lat' dir='ltr'><strong>v.</strong></span> <span class='ocrx_word' id='word_1_161' title='bbox 406 2163 480 2224; x_wconf 91' lang='grc'>458.</span> <span class='ocrx_word' id='word_1_162' title='bbox 509 2161 600 2238; x_wconf 83' lang='lat' dir='ltr'><strong>Quod</strong></span> <span class='ocrx_word' id='word_1_163' title='bbox 622 2163 894 2225; x_wconf 84' lang='lat' dir='ltr'><strong>constructionem</strong></span> <span class='ocrx_word' id='word_1_164' title='bbox 913 2161 971 2224; x_wconf 85' lang='grc' dir='ltr'>ἴεθτ</span> <span class='ocrx_word' id='word_1_165' title='bbox 994 2160 1024 2224; x_wconf 83' lang='grc' dir='ltr'><strong>δ’</strong></span> <span class='ocrx_word' id='word_1_166' title='bbox 1044 2162 1088 2225; x_wconf 85' lang='grc' dir='ltr'>ὼε</span> <span class='ocrx_word' id='word_1_167' title='bbox 1103 2197 1148 2208; x_wconf 91' lang='lat'>-</span> <span class='ocrx_word' id='word_1_168' title='bbox 1164 2163 1240 2225; x_wconf 85' lang='grc' dir='ltr'>έξεττ</span> 
     </span>
     <span class='ocr_line' id='line_1_19' title="bbox 100 2263 1240 2346; baseline 0.002 -20"><span class='ocrx_word' id='word_1_169' title='bbox 100 2263 246 2327; x_wconf 82' lang='lat' dir='ltr'><strong>editores</strong></span> <span class='ocrx_word' id='word_1_170' title='bbox 257 2264 480 2346; x_wconf 73' lang='lat' dir='ltr'><strong>probaverunt</strong></span> <span class='ocrx_word' id='word_1_171' title='bbox 493 2264 533 2327; x_wconf 86' lang='lat' dir='ltr'><strong>ab</strong></span> <span class='ocrx_word' id='word_1_172' title='bbox 546 2264 586 2327; x_wconf 90' lang='lat' dir='ltr'><strong>iis</strong></span> <span class='ocrx_word' id='word_1_173' title='bbox 596 2264 760 2328; x_wconf 86' lang='lat' dir='ltr'><strong>dissentio.</strong></span> <span class='ocrx_word' id='word_1_174' title='bbox 777 2263 892 2345; x_wconf 85' lang='lat' dir='ltr'><strong>Neque</strong></span> <span class='ocrx_word' id='word_1_175' title='bbox 905 2265 991 2326; x_wconf 88' lang='lat' dir='ltr'><strong>enim</strong></span> <span class='ocrx_word' id='word_1_176' title='bbox 999 2264 1240 2346; x_wconf 83' lang='lat' dir='ltr'><strong>Aristophanes,</strong></span> 
     </span>
     <span class='ocr_line' id='line_1_20' title="bbox 103 2364 1240 2449; baseline 0.002 -21"><span class='ocrx_word' id='word_1_177' title='bbox 103 2372 263 2447; x_wconf 83' lang='lat' dir='ltr'><strong>quantum</strong></span> <span class='ocrx_word' id='word_1_178' title='bbox 279 2367 354 2446; x_wconf 84' lang='lat' dir='ltr'><strong>scio,</strong></span> <span class='ocrx_word' id='word_1_179' title='bbox 371 2364 534 2430; x_wconf 89' lang='lat' dir='ltr'><strong>locutione</strong></span> <span class='ocrx_word' id='word_1_180' title='bbox 553 2366 611 2430; x_wconf 79' lang='lat' dir='ltr'><strong>tte‘</strong></span> <span class='ocrx_word' id='word_1_181' title='bbox 628 2367 672 2431; x_wconf 85' lang='grc' dir='ltr'>ὼε</span> <span class='ocrx_word' id='word_1_182' title='bbox 688 2387 746 2449; x_wconf 91' lang='lat' dir='ltr'><strong>pro</strong></span> <span class='ocrx_word' id='word_1_183' title='bbox 761 2365 819 2429; x_wconf 78' lang='lat' dir='ltr'><strong>ire’</strong></span> <span class='ocrx_word' id='word_1_184' title='bbox 836 2365 883 2429; x_wconf 81' lang='grc' dir='ltr'>ὅτι</span> <span class='ocrx_word' id='word_1_185' title='bbox 904 2385 981 2429; x_wconf 87' lang='lat' dir='ltr'><strong>usus</strong></span> <span class='ocrx_word' id='word_1_186' title='bbox 997 2371 1053 2430; x_wconf 86' lang='lat' dir='ltr'><strong>est</strong></span> <span class='ocrx_word' id='word_1_187' title='bbox 1078 2365 1125 2429; x_wconf 84' lang='lat' dir='ltr'><strong>cf.</strong></span> <span class='ocrx_word' id='word_1_188' title='bbox 1143 2367 1240 2430; x_wconf 86' lang='lat' dir='ltr'><strong>etiam</strong></span> 
     </span>
     <span class='ocr_line' id='line_1_21' title="bbox 103 2468 1239 2552; baseline 0.002 -22"><span class='ocrx_word' id='word_1_189' title='bbox 103 2487 190 2550; x_wconf 70' lang='lat' dir='ltr'><strong>quse</strong></span> <span class='ocrx_word' id='word_1_190' title='bbox 205 2468 246 2531; x_wconf 75' lang='lat' dir='ltr'><strong>sd</strong></span> <span class='ocrx_word' id='word_1_191' title='bbox 265 2468 311 2532; x_wconf 92' lang='lat' dir='ltr'><strong>Pl.</strong></span> <span class='ocrx_word' id='word_1_192' title='bbox 332 2471 393 2532; x_wconf 84' lang='lat'><strong>119</strong></span> <span class='ocrx_word' id='word_1_193' title='bbox 410 2469 443 2531; x_wconf 91' lang='lat' dir='ltr'><strong>in</strong></span> <span class='ocrx_word' id='word_1_194' title='bbox 461 2469 554 2532; x_wconf 89' lang='lat' dir='ltr'><strong>tertio</strong></span> <span class='ocrx_word' id='word_1_195' title='bbox 572 2469 676 2552; x_wconf 84' lang='lat' dir='ltr'><strong>capite</strong></span> <span class='ocrx_word' id='word_1_196' title='bbox 695 2469 767 2532; x_wconf 91' lang='lat' dir='ltr'><strong>libri</strong></span> <span class='ocrx_word' id='word_1_197' title='bbox 786 2469 971 2552; x_wconf 90' lang='lat' dir='ltr'><strong>posterioris</strong></span> <span class='ocrx_word' id='word_1_198' title='bbox 988 2469 1101 2533; x_wconf 89' lang='lat' dir='ltr'><strong>dicam.</strong></span> <span class='ocrx_word' id='word_1_199' title='bbox 1125 2469 1239 2532; x_wconf 85' lang='lat' dir='ltr'><strong>Inveni</strong></span> 
     </span>
     <span class='ocr_line' id='line_1_22' title="bbox 104 2570 669 2652; baseline 0 -18"><span class='ocrx_word' id='word_1_200' title='bbox 104 2570 258 2652; x_wconf 84' lang='lat' dir='ltr'><strong>equidem</strong></span> <span class='ocrx_word' id='word_1_201' title='bbox 283 2571 379 2634; x_wconf 90' lang='lat' dir='ltr'><strong>hasce</strong></span> <span class='ocrx_word' id='word_1_202' title='bbox 398 2573 669 2636; x_wconf 85' lang='lat' dir='ltr'><strong>constructiones:</strong></span> 
     </span>
    </p>

    <p class='ocr_par' dir='ltr' id='par_1_4' title="bbox 105 2672 1239 2858">
     <span class='ocr_line' id='line_1_23' title="bbox 195 2672 1239 2756; baseline 0.001 -20"><span class='ocrx_word' id='word_1_203' title='bbox 195 2673 254 2736; x_wconf 86' lang='grc' dir='ltr'>ίεθτ</span> <span class='ocrx_word' id='word_1_204' title='bbox 283 2693 356 2737; x_wconf 91' lang='lat' dir='ltr'><strong>cum</strong></span> <span class='ocrx_word' id='word_1_205' title='bbox 381 2675 538 2756; x_wconf 84' lang='lat' dir='ltr'><strong>particula</strong></span> <span class='ocrx_word' id='word_1_206' title='bbox 561 2675 606 2738; x_wconf 74' lang='lat' dir='ltr'><strong>bn</strong></span> <span class='ocrx_word' id='word_1_207' title='bbox 629 2674 664 2736; x_wconf 92' lang='lat' dir='ltr'><strong>in</strong></span> <span class='ocrx_word' id='word_1_208' title='bbox 686 2675 748 2738; x_wconf 81' lang='grc' dir='ltr'>Αν.</span> <span class='ocrx_word' id='word_1_209' title='bbox 769 2675 864 2754; x_wconf 88' lang='grc'>1408,</span> <span class='ocrx_word' id='word_1_210' title='bbox 893 2673 950 2756; x_wconf 75' lang='lat' dir='ltr'><strong>leq.</strong></span> <span class='ocrx_word' id='word_1_211' title='bbox 971 2674 1045 2755; x_wconf 88' lang='grc'>948,</span> <span class='ocrx_word' id='word_1_212' title='bbox 1073 2672 1126 2736; x_wconf 83' lang='lat' dir='ltr'><strong>Le.</strong></span> <span class='ocrx_word' id='word_1_213' title='bbox 1143 2675 1239 2754; x_wconf 86' lang='grc'>1138,</span> 
     </span>
     <span class='ocr_line' id='line_1_24' title="bbox 105 2775 1033 2858; baseline 0 -20"><span class='ocrx_word' id='word_1_214' title='bbox 105 2775 238 2857; x_wconf 64' lang='lat' dir='ltr'><strong>inse,</strong></span> <span class='ocrx_word' id='word_1_215' title='bbox 259 2777 353 2856; x_wconf 82' lang='lat'>1254,</span> <span class='ocrx_word' id='word_1_216' title='bbox 378 2776 432 2842; x_wconf 81' lang='lat' dir='ltr'><strong>Po.</strong></span> <span class='ocrx_word' id='word_1_217' title='bbox 450 2779 525 2858; x_wconf 88' lang='grc'>373,</span> <span class='ocrx_word' id='word_1_218' title='bbox 550 2776 596 2840; x_wconf 91' lang='lat' dir='ltr'><strong>Pl.</strong></span> <span class='ocrx_word' id='word_1_219' title='bbox 616 2779 689 2857; x_wconf 90' lang='grc'>183,</span> <span class='ocrx_word' id='word_1_220' title='bbox 714 2778 788 2858; x_wconf 91' lang='grc'><strong>216,</strong></span> <span class='ocrx_word' id='word_1_221' title='bbox 810 2778 883 2858; x_wconf 88' lang='grc'>889,</span> <span class='ocrx_word' id='word_1_222' title='bbox 910 2777 965 2840; x_wconf 84' lang='grc' dir='ltr'>Τίτ.</span> <span class='ocrx_word' id='word_1_223' title='bbox 983 2777 1033 2839; x_wconf 93' lang='grc'><strong>12.</strong></span> 
     </span>
    </p>

    <p class='ocr_par' dir='ltr' id='par_1_5' title="bbox 196 2879 1191 2962">
     <span class='ocr_line' id='line_1_25' title="bbox 196 2879 1191 2962; baseline -0.001 -20"><span class='ocrx_word' id='word_1_224' title='bbox 196 2879 253 2943; x_wconf 76' lang='lat' dir='ltr'><strong>iter</strong></span> <span class='ocrx_word' id='word_1_225' title='bbox 277 2879 500 2962; x_wconf 90' lang='lat' dir='ltr'><strong>interpositum</strong></span> <span class='ocrx_word' id='word_1_226' title='bbox 520 2881 555 2942; x_wconf 91' lang='lat' dir='ltr'><strong>iu</strong></span> <span class='ocrx_word' id='word_1_227' title='bbox 578 2881 659 2944; x_wconf 86' lang='lat' dir='ltr'><strong>Ach.</strong></span> <span class='ocrx_word' id='word_1_228' title='bbox 677 2883 753 2961; x_wconf 94' lang='grc'>783,</span> <span class='ocrx_word' id='word_1_229' title='bbox 777 2879 831 2943; x_wconf 88' lang='grc' dir='ltr'><strong>Ρο.</strong></span> <span class='ocrx_word' id='word_1_230' title='bbox 848 2881 922 2958; x_wconf 91' lang='grc'>875,</span> <span class='ocrx_word' id='word_1_231' title='bbox 946 2879 1001 2943; x_wconf 83' lang='lat' dir='ltr'><strong>Re.</strong></span> <span class='ocrx_word' id='word_1_232' title='bbox 1019 2880 1093 2960; x_wconf 87' lang='grc'><strong>296,</strong></span> <span class='ocrx_word' id='word_1_233' title='bbox 1118 2881 1191 2944; x_wconf 91' lang='grc'>918.</span> 
     </span>
    </p>

    <p class='ocr_par' dir='ltr' id='par_1_6' title="bbox 105 2981 1239 3781">
     <span class='ocr_line' id='line_1_26' title="bbox 195 2981 1239 3066; baseline 0.002 -22"><span class='ocrx_word' id='word_1_234' title='bbox 195 2983 254 3045; x_wconf 86' lang='grc' dir='ltr'>ίεθι</span> <span class='ocrx_word' id='word_1_235' title='bbox 266 3001 340 3046; x_wconf 89' lang='lat' dir='ltr'><strong>cum</strong></span> <span class='ocrx_word' id='word_1_236' title='bbox 353 2984 521 3066; x_wconf 90' lang='lat' dir='ltr'><strong>participio</strong></span> <span class='ocrx_word' id='word_1_237' title='bbox 534 2985 568 3045; x_wconf 90' lang='lat' dir='ltr'><strong>in</strong></span> <span class='ocrx_word' id='word_1_238' title='bbox 580 2983 661 3047; x_wconf 84' lang='lat' dir='ltr'><strong>Acir.</strong></span> <span class='ocrx_word' id='word_1_239' title='bbox 675 2985 750 3065; x_wconf 88' lang='grc'>456,</span> <span class='ocrx_word' id='word_1_240' title='bbox 764 2983 839 3063; x_wconf 91' lang='grc'>460,</span> <span class='ocrx_word' id='word_1_241' title='bbox 851 2983 926 3064; x_wconf 86' lang='grc'>400,</span> <span class='ocrx_word' id='word_1_242' title='bbox 943 2981 972 3046; x_wconf 87' lang='lat' dir='ltr'>N</span> <span class='ocrx_word' id='word_1_243' title='bbox 975 2982 1003 3044; x_wconf 94' lang='lat' dir='ltr'><strong>b.</strong></span> <span class='ocrx_word' id='word_1_244' title='bbox 1018 2983 1092 3063; x_wconf 91' lang='grc'>829,</span> <span class='ocrx_word' id='word_1_245' title='bbox 1105 2981 1151 3046; x_wconf 93' lang='lat' dir='ltr'><strong>Pl.</strong></span> <span class='ocrx_word' id='word_1_246' title='bbox 1166 2984 1239 3062; x_wconf 88' lang='grc'>962,</span> 
     </span>
     <span class='ocr_line' id='line_1_27' title="bbox 105 3083 1238 3168; baseline 0.002 -20"><span class='ocrx_word' id='word_1_247' title='bbox 105 3083 161 3148; x_wconf 84' lang='lat' dir='ltr'><strong>Ra.</strong></span> <span class='ocrx_word' id='word_1_248' title='bbox 174 3085 251 3164; x_wconf 86' lang='grc'>436,</span> <span class='ocrx_word' id='word_1_249' title='bbox 270 3085 325 3148; x_wconf 83' lang='lat' dir='ltr'><strong>Th.</strong></span> <span class='ocrx_word' id='word_1_250' title='bbox 341 3087 442 3164; x_wconf 84' lang='grc'>1170;</span> <span class='ocrx_word' id='word_1_251' title='bbox 464 3105 528 3149; x_wconf 88' lang='lat' dir='ltr'><strong>uno</strong></span> <span class='ocrx_word' id='word_1_252' title='bbox 547 3086 617 3150; x_wconf 92' lang='lat' dir='ltr'><strong>looo</strong></span> <span class='ocrx_word' id='word_1_253' title='bbox 635 3086 693 3150; x_wconf 77' lang='lat' dir='ltr'><strong>lcd’</strong></span> <span class='ocrx_word' id='word_1_254' title='bbox 711 3088 755 3150; x_wconf 82' lang='grc' dir='ltr'>ὼε</span> <span class='ocrx_word' id='word_1_255' title='bbox 778 3105 853 3150; x_wconf 90' lang='lat' dir='ltr'><strong>enm</strong></span> <span class='ocrx_word' id='word_1_256' title='bbox 869 3086 979 3168; x_wconf 88' lang='lat' dir='ltr'><strong>partic.</strong></span> <span class='ocrx_word' id='word_1_257' title='bbox 995 3085 1062 3166; x_wconf 80' lang='lat' dir='ltr'><strong>lut,</strong></span> <span class='ocrx_word' id='word_1_258' title='bbox 1082 3105 1146 3148; x_wconf 91' lang='lat' dir='ltr'><strong>non</strong></span> <span class='ocrx_word' id='word_1_259' title='bbox 1164 3105 1238 3150; x_wconf 88' lang='lat' dir='ltr'><strong>cum</strong></span> 
     </span>
     <span class='ocr_line' id='line_1_28' title="bbox 106 3187 1238 3270; baseline 0.004 -21"><span class='ocrx_word' id='word_1_260' title='bbox 106 3187 245 3269; x_wconf 82' lang='lat' dir='ltr'><strong>indicet,</strong></span> <span class='ocrx_word' id='word_1_261' title='bbox 268 3187 349 3252; x_wconf 86' lang='lat' dir='ltr'><strong>Acir.</strong></span> <span class='ocrx_word' id='word_1_262' title='bbox 370 3189 435 3251; x_wconf 91' lang='grc'>325</span> <span class='ocrx_word' id='word_1_263' title='bbox 458 3190 504 3253; x_wconf 84' lang='grc' dir='ltr'>ὼε</span> <span class='ocrx_word' id='word_1_264' title='bbox 524 3191 686 3267; x_wconf 86' lang='grc' dir='ltr'>τεθνήξων</span> <span class='ocrx_word' id='word_1_265' title='bbox 705 3189 764 3252; x_wconf 86' lang='grc' dir='ltr'>ίεθι</span> <span class='ocrx_word' id='word_1_266' title='bbox 784 3191 860 3252; x_wconf 89' lang='grc' dir='ltr'>νυνί.</span> <span class='ocrx_word' id='word_1_267' title='bbox 885 3187 981 3252; x_wconf 86' lang='lat' dir='ltr'><strong>Haud</strong></span> <span class='ocrx_word' id='word_1_268' title='bbox 999 3189 1100 3270; x_wconf 88' lang='lat' dir='ltr'><strong>igitur</strong></span> <span class='ocrx_word' id='word_1_269' title='bbox 1117 3187 1238 3270; x_wconf 77' lang='lat' dir='ltr'><strong>dubim,</strong></span> 
     </span>
     <span class='ocr_line' id='line_1_29' title="bbox 106 3289 1239 3374; baseline 0.001 -21"><span class='ocrx_word' id='word_1_270' title='bbox 106 3291 185 3372; x_wconf 88' lang='lat' dir='ltr'><strong>quin</strong></span> <span class='ocrx_word' id='word_1_271' title='bbox 202 3289 369 3354; x_wconf 90' lang='lat' dir='ltr'><strong>Bentleius</strong></span> <span class='ocrx_word' id='word_1_272' title='bbox 385 3311 498 3355; x_wconf 88' lang='lat' dir='ltr'><strong>verum</strong></span> <span class='ocrx_word' id='word_1_273' title='bbox 517 3290 640 3372; x_wconf 66' lang='lat' dir='ltr'><strong>viderit,</strong></span> <span class='ocrx_word' id='word_1_274' title='bbox 660 3311 735 3356; x_wconf 89' lang='lat' dir='ltr'><strong>eum</strong></span> <span class='ocrx_word' id='word_1_275' title='bbox 750 3291 808 3355; x_wconf 86' lang='grc' dir='ltr'>ίτθι</span> <span class='ocrx_word' id='word_1_276' title='bbox 825 3293 860 3354; x_wconf 81' lang='grc' dir='ltr'>δέ</span> <span class='ocrx_word' id='word_1_277' title='bbox 874 3328 916 3336; x_wconf 93' lang='grc'>-</span> <span class='ocrx_word' id='word_1_278' title='bbox 930 3292 1011 3356; x_wconf 87' lang='grc' dir='ltr'>ἕξων</span> <span class='ocrx_word' id='word_1_279' title='bbox 1028 3291 1239 3374; x_wconf 71' lang='lat' dir='ltr'><strong>proposuerit</strong></span> 
     </span>
     <span class='ocr_line' id='line_1_30' title="bbox 107 3393 1239 3475; baseline 0 -19"><span class='ocrx_word' id='word_1_280' title='bbox 107 3394 168 3456; x_wconf 88' lang='lat' dir='ltr'><strong>nisi</strong></span> <span class='ocrx_word' id='word_1_281' title='bbox 184 3393 272 3475; x_wconf 87' lang='lat' dir='ltr'><strong>quod</strong></span> <span class='ocrx_word' id='word_1_282' title='bbox 289 3393 379 3458; x_wconf 92' lang='lat' dir='ltr'><strong>cedd.</strong></span> <span class='ocrx_word' id='word_1_283' title='bbox 393 3393 564 3458; x_wconf 88' lang='lat' dir='ltr'><strong>lectionem</strong></span> <span class='ocrx_word' id='word_1_284' title='bbox 581 3393 657 3458; x_wconf 82' lang='grc' dir='ltr'>δ’ὼε</span> <span class='ocrx_word' id='word_1_285' title='bbox 672 3395 813 3458; x_wconf 88' lang='lat' dir='ltr'><strong>retinere</strong></span> <span class='ocrx_word' id='word_1_286' title='bbox 830 3393 957 3471; x_wconf 85' lang='lat' dir='ltr'><strong>debuit;</strong></span> <span class='ocrx_word' id='word_1_287' title='bbox 974 3413 1113 3475; x_wconf 85' lang='lat' dir='ltr'><strong>namque</strong></span> <span class='ocrx_word' id='word_1_288' title='bbox 1129 3394 1239 3458; x_wconf 86' lang='lat' dir='ltr'><strong>delen·</strong></span> 
     </span>
     <span class='ocr_line' id='line_1_31' title="bbox 105 3495 1239 3575; baseline 0.002 -17"><span class='ocrx_word' id='word_1_289' title='bbox 105 3495 194 3559; x_wconf 91' lang='lat' dir='ltr'><strong>ditur</strong></span> <span class='ocrx_word' id='word_1_290' title='bbox 211 3495 332 3560; x_wconf 89' lang='lat' dir='ltr'><strong>locutio</strong></span> <span class='ocrx_word' id='word_1_291' title='bbox 355 3497 413 3562; x_wconf 85' lang='grc' dir='ltr'>ίτθι</span> <span class='ocrx_word' id='word_1_292' title='bbox 433 3497 508 3560; x_wconf 80' lang='grc' dir='ltr'>δ’ὡε</span> <span class='ocrx_word' id='word_1_293' title='bbox 523 3533 564 3542; x_wconf 89' lang='grc'>-</span> <span class='ocrx_word' id='word_1_294' title='bbox 577 3497 659 3562; x_wconf 86' lang='grc' dir='ltr'>ἕξων</span> <span class='ocrx_word' id='word_1_295' title='bbox 679 3497 802 3560; x_wconf 86' lang='lat' dir='ltr'><strong>collatis</strong></span> <span class='ocrx_word' id='word_1_296' title='bbox 824 3497 901 3560; x_wconf 77' lang='lat' dir='ltr'><strong>Acir.</strong></span> <span class='ocrx_word' id='word_1_297' title='bbox 922 3498 986 3560; x_wconf 85' lang='lat'><strong>325</strong></span> <span class='ocrx_word' id='word_1_298' title='bbox 1011 3498 1056 3560; x_wconf 86' lang='grc' dir='ltr'>ὼε</span> <span class='ocrx_word' id='word_1_299' title='bbox 1079 3499 1239 3575; x_wconf 83' lang='grc' dir='ltr'>τεθνήξων</span> 
     </span>
     <span class='ocr_line' id='line_1_32' title="bbox 105 3599 1238 3682; baseline 0.001 -20"><span class='ocrx_word' id='word_1_300' title='bbox 105 3599 170 3681; x_wconf 82' lang='grc' dir='ltr'>ίεθι,</span> <span class='ocrx_word' id='word_1_301' title='bbox 195 3599 290 3682; x_wconf 83' lang='lat' dir='ltr'><strong>Soph.</strong></span> <span class='ocrx_word' id='word_1_302' title='bbox 314 3601 386 3663; x_wconf 82' lang='lat' dir='ltr'><strong>Aut</strong></span> <span class='ocrx_word' id='word_1_303' title='bbox 410 3601 495 3663; x_wconf 88' lang='lat'>1063</span> <span class='ocrx_word' id='word_1_304' title='bbox 527 3600 570 3663; x_wconf 85' lang='grc' dir='ltr'>ὼε</span> <span class='ocrx_word' id='word_1_305' title='bbox 594 3603 634 3677; x_wconf 87' lang='grc' dir='ltr'>μή</span> <span class='ocrx_word' id='word_1_306' title='bbox 659 3601 839 3676; x_wconf 82' lang='grc' dir='ltr'>’μπολήεων</span> <span class='ocrx_word' id='word_1_307' title='bbox 862 3600 919 3662; x_wconf 80' lang='grc' dir='ltr'>ίεθι</span> <span class='ocrx_word' id='word_1_308' title='bbox 942 3602 999 3675; x_wconf 88' lang='grc' dir='ltr'><strong>τὴν</strong></span> <span class='ocrx_word' id='word_1_309' title='bbox 1023 3601 1101 3676; x_wconf 84' lang='grc' dir='ltr'>ἐμὴν</span> <span class='ocrx_word' id='word_1_310' title='bbox 1125 3601 1238 3678; x_wconf 85' lang='grc' dir='ltr'>φρένα,</span> 
     </span>
     <span class='ocr_line' id='line_1_33' title="bbox 108 3700 982 3781; baseline 0.001 -18"><span class='ocrx_word' id='word_1_311' title='bbox 108 3700 187 3764; x_wconf 86' lang='lat' dir='ltr'><strong>Pbil</strong></span> <span class='ocrx_word' id='word_1_312' title='bbox 204 3703 271 3765; x_wconf 89' lang='grc'>253</span> <span class='ocrx_word' id='word_1_313' title='bbox 295 3703 340 3766; x_wconf 75' lang='grc' dir='ltr'><strong>ὡς</strong></span> <span class='ocrx_word' id='word_1_314' title='bbox 364 3705 460 3781; x_wconf 83' lang='grc' dir='ltr'>μηδὲν</span> <span class='ocrx_word' id='word_1_315' title='bbox 485 3702 578 3766; x_wconf 79' lang='grc' dir='ltr'>εἰδότ’</span> <span class='ocrx_word' id='word_1_316' title='bbox 595 3703 654 3767; x_wconf 84' lang='grc' dir='ltr'>ίεθτ</span> <span class='ocrx_word' id='word_1_317' title='bbox 678 3702 708 3780; x_wconf 87' lang='grc' dir='ltr'>μ’</span> <span class='ocrx_word' id='word_1_318' title='bbox 729 3701 776 3766; x_wconf 87' lang='grc' dir='ltr'>ὼν</span> <span class='ocrx_word' id='word_1_319' title='bbox 798 3703 982 3779; x_wconf 83' lang='grc' dir='ltr'>ἀντετορεῑε.</span> 
     </span>
    </p>

    <p class='ocr_par' dir='ltr' id='par_1_7' title="bbox 108 3805 1239 4300">
     <span class='ocr_line' id='line_1_34' title="bbox 196 3805 1238 3889; baseline 0.001 -20"><span class='ocrx_word' id='word_1_320' title='bbox 196 3805 236 3869; x_wconf 86' lang='lat' dir='ltr'><strong>ln</strong></span> <span class='ocrx_word' id='word_1_321' title='bbox 260 3825 288 3869; x_wconf 86' lang='lat' dir='ltr'><strong>v.</strong></span> <span class='ocrx_word' id='word_1_322' title='bbox 305 3808 371 3869; x_wconf 87' lang='grc'><strong>864</strong></span> <span class='ocrx_word' id='word_1_323' title='bbox 394 3807 508 3870; x_wconf 88' lang='grc' dir='ltr'>τούτου</span> <span class='ocrx_word' id='word_1_324' title='bbox 529 3806 611 3887; x_wconf 75' lang='lat' dir='ltr'><strong>(RV)</strong></span> <span class='ocrx_word' id='word_1_325' title='bbox 636 3805 782 3884; x_wconf 83' lang='grc' dir='ltr'>’πριαίμην</span> <span class='ocrx_word' id='word_1_326' title='bbox 805 3827 852 3870; x_wconf 80' lang='grc' dir='ltr'>τοι</span> <span class='ocrx_word' id='word_1_327' title='bbox 876 3807 1002 3870; x_wconf 77' lang='lat' dir='ltr'><strong>bretton</strong></span> <span class='ocrx_word' id='word_1_328' title='bbox 1025 3807 1159 3883; x_wconf 84' lang='grc' dir='ltr'>ἁμαξίδα</span> <span class='ocrx_word' id='word_1_329' title='bbox 1182 3826 1238 3889; x_wconf 89' lang='grc' dir='ltr'>ρτο</span> 
     </span>
     <span class='ocr_line' id='line_1_35' title="bbox 108 3907 1239 3992; baseline 0.004 -24"><span class='ocrx_word' id='word_1_330' title='bbox 108 3907 221 3972; x_wconf 81' lang='grc' dir='ltr'>τούτου</span> <span class='ocrx_word' id='word_1_331' title='bbox 244 3908 266 3973; x_wconf 88' lang='grc'>8</span> <span class='ocrx_word' id='word_1_332' title='bbox 290 3908 336 3972; x_wconf 86' lang='grc' dir='ltr'>ὅτ’</span> <span class='ocrx_word' id='word_1_333' title='bbox 352 3909 493 3992; x_wconf 88' lang='lat' dir='ltr'><strong>praebet</strong></span> <span class='ocrx_word' id='word_1_334' title='bbox 523 3907 611 3986; x_wconf 84' lang='lat' dir='ltr'><strong>Quae</strong></span> <span class='ocrx_word' id='word_1_335' title='bbox 628 3907 746 3972; x_wconf 78' lang='lat' dir='ltr'><strong>Surdae</strong></span> <span class='ocrx_word' id='word_1_336' title='bbox 770 3909 929 3990; x_wconf 85' lang='lat' dir='ltr'><strong>scriptura</strong></span> <span class='ocrx_word' id='word_1_337' title='bbox 951 3908 1098 3973; x_wconf 86' lang='lat' dir='ltr'><strong>Bentleio</strong></span> <span class='ocrx_word' id='word_1_338' title='bbox 1120 3915 1152 3972; x_wconf 89' lang='lat' dir='ltr'><strong>et</strong></span> <span class='ocrx_word' id='word_1_339' title='bbox 1165 3909 1239 3974; x_wconf 87' lang='lat' dir='ltr'><strong>Rei-</strong></span> 
     </span>
     <span class='ocr_line' id='line_1_36' title="bbox 109 4010 1238 4094; baseline 0.003 -21"><span class='ocrx_word' id='word_1_340' title='bbox 109 4010 188 4092; x_wconf 79' lang='lat' dir='ltr'><strong>eigio</strong></span> <span class='ocrx_word' id='word_1_341' title='bbox 204 4011 336 4094; x_wconf 75' lang='lat' dir='ltr'><strong>placuit,</strong></span> <span class='ocrx_word' id='word_1_342' title='bbox 361 4013 419 4094; x_wconf 90' lang='lat' dir='ltr'><strong>qui</strong></span> <span class='ocrx_word' id='word_1_343' title='bbox 442 4029 555 4076; x_wconf 85' lang='lat' dir='ltr'><strong>vocem</strong></span> <span class='ocrx_word' id='word_1_344' title='bbox 575 4012 622 4075; x_wconf 83' lang='lat' dir='ltr'><strong>br’</strong></span> <span class='ocrx_word' id='word_1_345' title='bbox 639 4011 678 4074; x_wconf 86' lang='lat' dir='ltr'><strong>ad</strong></span> <span class='ocrx_word' id='word_1_346' title='bbox 696 4016 774 4076; x_wconf 85' lang='grc' dir='ltr'>ποτὲ</span> <span class='ocrx_word' id='word_1_347' title='bbox 794 4032 821 4075; x_wconf 89' lang='grc' dir='ltr'>ν.</span> <span class='ocrx_word' id='word_1_348' title='bbox 840 4013 902 4075; x_wconf 92' lang='grc'><strong>861</strong></span> <span class='ocrx_word' id='word_1_349' title='bbox 925 4013 1037 4075; x_wconf 86' lang='lat' dir='ltr'><strong>referri</strong></span> <span class='ocrx_word' id='word_1_350' title='bbox 1058 4011 1238 4076; x_wconf 90' lang='lat' dir='ltr'><strong>voluerunt.</strong></span> 
     </span>
     <span class='ocr_line' id='line_1_37' title="bbox 108 4111 1239 4198; baseline 0.003 -23"><span class='ocrx_word' id='word_1_351' title='bbox 108 4111 173 4175; x_wconf 78' lang='lat' dir='ltr'><strong>eeu</strong></span> <span class='ocrx_word' id='word_1_352' title='bbox 195 4133 269 4177; x_wconf 91' lang='lat' dir='ltr'><strong>oum</strong></span> <span class='ocrx_word' id='word_1_353' title='bbox 298 4133 361 4178; x_wconf 89' lang='lat' dir='ltr'><strong>uon</strong></span> <span class='ocrx_word' id='word_1_354' title='bbox 390 4115 494 4177; x_wconf 88' lang='lat' dir='ltr'><strong>solum</strong></span> <span class='ocrx_word' id='word_1_355' title='bbox 523 4133 588 4177; x_wconf 90' lang='lat' dir='ltr'><strong>non</strong></span> <span class='ocrx_word' id='word_1_356' title='bbox 617 4134 698 4198; x_wconf 90' lang='lat' dir='ltr'><strong>opus</strong></span> <span class='ocrx_word' id='word_1_357' title='bbox 725 4117 768 4178; x_wconf 92' lang='lat' dir='ltr'><strong>sit</strong></span> <span class='ocrx_word' id='word_1_358' title='bbox 795 4117 1021 4180; x_wconf 88' lang='lat' dir='ltr'><strong>coniunctione</strong></span> <span class='ocrx_word' id='word_1_359' title='bbox 1045 4115 1101 4196; x_wconf 80' lang='grc' dir='ltr'>ὅτ’,</span> <span class='ocrx_word' id='word_1_360' title='bbox 1125 4136 1239 4180; x_wconf 86' lang='lat' dir='ltr'><strong>verum</strong></span> 
     </span>
     <span class='ocr_line' id='line_1_38' title="bbox 108 4215 1238 4300; baseline 0.005 -25"><span class='ocrx_word' id='word_1_361' title='bbox 108 4215 260 4297; x_wconf 85' lang='lat' dir='ltr'><strong>impedita</strong></span> <span class='ocrx_word' id='word_1_362' title='bbox 283 4222 378 4300; x_wconf 85' lang='lat' dir='ltr'><strong>atque</strong></span> <span class='ocrx_word' id='word_1_363' title='bbox 399 4217 548 4300; x_wconf 84' lang='lat' dir='ltr'><strong>languida</strong></span> <span class='ocrx_word' id='word_1_364' title='bbox 569 4217 628 4281; x_wconf 83' lang='lat' dir='ltr'><strong>liat</strong></span> <span class='ocrx_word' id='word_1_365' title='bbox 646 4218 754 4299; x_wconf 78' lang='lat' dir='ltr'><strong>omno,</strong></span> <span class='ocrx_word' id='word_1_366' title='bbox 779 4220 806 4281; x_wconf 91' lang='lat' dir='ltr'><strong>si</strong></span> <span class='ocrx_word' id='word_1_367' title='bbox 825 4218 952 4282; x_wconf 87' lang='lat' dir='ltr'><strong>duobus</strong></span> <span class='ocrx_word' id='word_1_368' title='bbox 972 4218 1118 4282; x_wconf 89' lang='lat' dir='ltr'><strong>versibus</strong></span> <span class='ocrx_word' id='word_1_369' title='bbox 1142 4219 1238 4282; x_wconf 88' lang='lat' dir='ltr'><strong>inter-</strong></span> 
     </span>
    </p>
   </div>
   <div class='ocr_carea' id='block_1_3' title="bbox 0 0 1550 5228">
    <p class='ocr_par' dir='ltr' id='par_1_8' title="bbox 0 0 1550 5228">
     <span class='ocr_line' id='line_1_39' title="bbox 0 0 1550 5228; baseline 0 0"><span class='ocrx_word' id='word_1_370' title='bbox 0 0 1550 5228; x_wconf 95' lang='lat' dir='ltr'><strong> </strong></span> 
     </span>
    </p>
   </div>
  </div>
 </body>
</html>
