3078 5228
352 440 396 505 60
772 445 870 500 ίοεοί
884 443 1061 512 Mettus,

428 647 457 709 2.
489 643 557 710 Der
578 644 733 709 Beistand
761 644 819 709 der
841 642 953 708 θόάοτ
974 643 1030 706 ffir
1053 642 1107 707 die
1129 642 1281 726 geraehte
1304 641 1417 706 Sache.

441 774 481 839 In
505 775 612 840 seiner
634 775 751 839 letzten
770 771 860 838 Rode
883 772 967 837 nach
991 772 1049 837 der
1066 771 1250 837 sicilischen
1269 769 1470 854 Katastrophe

351 878 487 944 beweist
505 877 625 960 Nikias,
649 876 711 942 dass
731 876 790 942 der
805 875 888 940 Zorn
905 875 963 940 der
977 875 1214 940 Himmlischen
1233 895 1303 939 nun
1322 873 1473 957 οιυοίιόρά

351 1085 453 1150 Thuk.
466 1083 538 1168 m
556 1085 607 1165 77,
624 1086 643 1146 2
667 1083 766 1147 καίτοι
788 1083 890 1146 πολλὰ
914 1083 971 1161 μὲν
994 1082 1026 1146 ἐς
1051 1083 1146 1147 θεοὺς
1164 1082 1280 1161 νόμιμα
1299 1083 1472 1164 δεδιῄτημιι,

351 1189 456 1252 πολλὰ
480 1189 516 1251 δὲ
539 1187 571 1252 ἐς
594 1186 787 1265 ἀνθρώπους
806 1184 907 1248 δίκαια
932 1187 981 1249 καὶ
1000 1183 1209 1266 ἀνεπίφθονα,
1233 1185 1305 1249 ἀνθ’
1323 1183 1372 1250 ὧν
1391 1184 1408 1260 ἡ
1429 1186 1472 1262 μὲν

353 1293 440 1356 ἐλπὶς
468 1289 556 1369 ὅμως
585 1295 712 1371 θραςεῑα
737 1293 797 1354 τοί)
827 1291 994 1368 μέλλοντος
1108 1291 1158 1353 καὶ
1180 1289 1210 1354 εί
1233 1309 1279 1372 τῳ
1309 1293 1395 1353 θεῶν
1422 1289 1472 1352 ἐπί-

354 1399 474 1475 φθονοι
490 1394 742 1476 ἐςτρατεύςαμεν,
759 1393 978 1472 ἀποχρώντως
993 1392 1054 1470 ἤδη
1070 1393 1315 1470 τετιμωρήμεθα
1335 1429 1378 1438 -
1402 1391 1472 1455 Xen.

354 1496 459 1562 Anab.
475 1497 533 1579 111,
554 1499 581 1578 1,
597 1498 640 1560 42
665 1498 824 1565 ἐπίςταςθε
847 1501 908 1578 γὰρ
933 1501 971 1576 δὴ
997 1497 1043 1563 ότι
1068 1497 1143 1563 οὔτε
1161 1500 1284 1577 πλῆθός
1314 1497 1395 1564 ἐςτιν
1418 1496 1472 1562 οὔτ’

354 1601 442 1680 ίςχὺς
466 1600 484 1678 ἡ
504 1599 603 1683 ἐντῷ
622 1603 754 1683 πολέμῳ
773 1603 829 1667 τὰς
847 1605 935 1667 νίκας
954 1605 1099 1684 ποιοθςα,
1119 1600 1185 1665 ἀλλ’
1205 1600 1357 1679 ὁπότεροι
1376 1601 1414 1666 ἂν
1429 1603 1472 1664 ςὺν

355 1707 420 1769 τοῖς
434 1707 593 1768 θεοῑςταῑς
609 1708 724 1783 ψυχαῖς
741 1704 1004 1785 ἐρρωμενέςτεροι
1015 1705 1102 1771 ίωςιν
1115 1703 1163 1767 ἐπὶ
1174 1705 1250 1768 τοὺς
1260 1706 1442 1782 πολεμίους.
1453 1751 1471 1765 ..

354 1806 424 1871 und
449 1807 481 1888 1,
499 1807 540 1869 21
565 1807 600 1871 ἐν
625 1809 708 1891 μὲςῳ
727 1810 789 1887 γὰρ
812 1808 872 1886 ἢδη
896 1812 991 1873 κεῖται
1012 1809 1099 1871 ταῦτ’
1115 1805 1196 1871 ἆθλα
1216 1856 1223 1871 .
1240 1856 1271 1870 ..
1292 1807 1472 1882 ἀγωνοθέται

358 1913 385 1973 δ’
402 1909 433 1973 οί
456 1912 524 1974 θεοί
547 1909 628 1990 είςιν,
652 1911 683 1974 οἳ
706 1912 761 1974 ςὺν
783 1910 863 1992 ἡμῖν,
887 1911 931 1975 ὡς
954 1913 991 1974 τὸ
1016 1909 1109 1990 εἰκός,
1133 1909 1264 1974 ἔςονται.
1286 1947 1331 1957 -
1353 1907 1471 1989 Dionys

355 2012 455 2076 Arch.
473 2010 531 2094 111,
553 2012 594 2074 23
615 2011 708 2075 Eudo
738 2013 788 2076 καί
811 2011 830 2075 ἀ
853 2032 888 2076 τε
911 2012 1073 2090 δαιμόνιοι
1097 2013 1193 2091 χόλος
1222 2012 1282 2091 οὐχ
1306 2013 1385 2094 ἡμῖν,
1406 2011 1471 2074 ἀλλὰ

354 2117 481 2178 τούτοις
499 2115 713 2179 ἐναντιώςεται
730 2115 859 2179 κατὰτὸ
876 2114 965 2196 εἰκός,
982 2117 1031 2179 καὶ
1047 2114 1066 2192 ἡ
1082 2113 1157 2193 παρ’
1171 2115 1356 2193 ἀνθρώπων
1369 2115 1471 2191 νέμεαι

358 2218 390 2281 ἐς
414 2218 549 2281 τούτους
573 2217 645 2281 ἀνθ’
661 2218 750 2296 ἡμῶν
774 2220 964 2295 καταςκήψει
980 2267 987 2280 .
1004 2267 1035 2281 ..
1059 2217 1126 2281 und
1145 2216 1237 2300 XIV,
1254 2219 1284 2300 9,
1302 2219 1344 2281 16
1367 2217 1409 2281 ἴτε
1426 2266 1432 2280 .
1447 2263 1470 2277 ..

357 2321 403 2384 ίτε
427 2320 675 2397 ἀκαταπλήκτως
698 2319 748 2384 ἐπ’
765 2320 889 2402 αὐτούς,
914 2321 1008 2385 θεούς
1029 2340 1063 2384 τε
1087 2320 1235 2398 ἀρωγοὺς
1257 2320 1392 2398 ἔχοντες

448 2421 617 2485 Νοίίίτλίοίι
643 2421 769 2487 ποπάοί
791 2423 874 2487 auch
897 2423 1024 2507 Prokop
1048 2442 1089 2486 an
1114 2423 1219 2488 vielen
1239 2422 1361 2488 Stelleu
1383 2421 1470 2486 dieses

358 2524 719 2607 Ermunterungsmotiv
742 2545 796 2608 an,
824 2527 883 2589 mit
906 2525 964 2591 der
983 2515 1166 2609 Knderung
1186 2523 1317 2607 jodoch‚
1346 2524 1404 2588 dass
1428 2522 1469 2586 die

358 2627 472 2692 θόίλοτ
486 2627 533 2690 αλιι
545 2627 849 2692 Schlachtenlenker
862 2628 917 2692 fiir
931 2629 988 2691 ihn
1004 2647 1078 2692 zum
1090 2627 1309 2712 Ohn'stengott
1319 2625 1470 2712 geworden

357 2729 450 2794 sind:
479 2728 509 2793 b.
522 2729 561 2793 V.
579 2730 605 2812 Ι,
624 2733 673 2813 19,
695 2733 713 2793 5
738 2734 836 2796 καίτοι
858 2733 962 2795 πολλὰ
980 2731 1054 2809 ἡμῖν
1075 2732 1157 2811 πρὸς
1179 2733 1237 2808 τήν
1261 2732 1351 2810 νίκην
1374 2727 1469 2810 ἐφόδιά

359 2835 451 2899 ἐςτιν·
474 2834 511 2898 τό
534 2853 567 2898 τε
587 2835 706 2898 δίκαιον
730 2835 798 2912 μεθ’
819 2833 858 2899 οὗ
881 2835 963 2913 πρὸ(
986 2837 1062 2900 τοὺς
1087 2837 1245 2911 δυςμενεῑς
1267 2835 1385 2912 ἥκομεν
1399 2879 1468 2896 .....

358 2938 378 3016 ἤ
409 2957 442 3001 τε
469 2939 530 3016 γὰρ
559 2940 618 3001 τοῦ
649 2941 728 3003 θεοί)
758 2940 911 3018 ξυμμαχία
940 2942 1005 3002 τοῖς
1034 2939 1073 3002 τὰ
1103 2939 1204 3002 δίκαια
1233 2937 1469 3016 προτεινομένοις

357 3042 577 3118 προςγίνεςθαι
598 3042 723 3120 πέφυκε
746 3091 800 3105 ...
830 3039 858 3105 b.
871 3041 910 3104 V.
926 3041 951 3123 Ι,
970 3041 1020 3123 16,
1037 3041 1056 3104 6
1081 3043 1142 3106 νῦν
1161 3041 1220 3104 οόν
1244 3041 1328 3117 πρός
1350 3060 1383 3104 τε
1407 3039 1468 3102 θον

359 3145 468 3208 θίλους
495 3143 566 3221 ὑμῖν
589 3145 639 3207 καί
661 3143 774 3223 Λίβυας
797 3142 817 3206 ὁ
844 3145 984 3222 πόλεμος
1013 3143 1108 3225 ἔςται,
1137 3144 1219 3218 λέγω
1250 3145 1286 3207 δὲ
1313 3143 1410 3217 ἔγωγε
1433 3139 1468 3201 καί

356 3247 416 3312 τὸν
446 3250 524 3312 θεὸν
554 3247 654 3311 αὐτὸν
685 3247 725 3311 ὃν
755 3247 859 3312 οὐδεὶς
889 3246 1007 3312 ἀδικῶν
1035 3247 1068 3311 ἐς
1097 3246 1278 3325 ἐπικουρίαν
1306 3243 1467 3324 παρακαλεῖ.

359 3349 389 3413 b.
406 3351 445 3413 V.
461 3350 502 3433 11,
524 3352 553 3432 3,
570 3351 612 3414 32
636 3353 736 3415 ταῦτα
759 3400 790 3413 ..
814 3351 1041 3428 λογιζομένους
1059 3352 1139 3430 φημί
1160 3353 1274 3430 χρῆναι
1302 3399 1310 3412 .
1331 3399 1338 3412 .
1362 3349 1407 3412 καὶ
1426 3345 1468 3408 τὸν

360 3454 438 3518 θεὸν
461 3454 493 3518 ἐς
517 3455 689 3533 ξυμμαχίαν
712 3457 912 3533 παρακαλεῖν.
936 3452 966 3517 b.
979 3452 1017 3516 V.
1039 3453 1080 3536 Π,
1099 3455 1128 3536 1,
1144 3453 1186 3516 21
1211 3502 1242 3516 ..
1269 3455 1331 3516 νῦν
1355 3454 1389 3515 δὲ
1406 3449 1467 3526 ίλιῴ

358 3576 394 3620 τε
412 3562 456 3638 τῷ
477 3561 541 3638 θεῷ
562 3558 613 3621 καί
631 3561 675 3639 τῷ
699 3559 791 3620 παντὶ
807 3561 928 3640 ςτρατῷ
953 3555 986 3620 ἐς
1007 3558 1066 3633 τὴν
1085 3557 1245 3634 ξυμβολὴν
1269 3553 1467 3630 καθιςτάμενοι

360 3661 522 3736 κρατήςειν
544 3663 602 3723 τοῡ
626 3660 842 3739 ςτρατοπὲδου
865 3662 934 3724 τῶν
956 3660 1116 3739 πολεμίων
1139 3658 1243 3723 αὐτοῖς
1266 3657 1412 3736 ἀνδράςιν
1431 3653 1467 3716 ἐλ-

361 3761 437 3824 πίδα
459 3759 566 3842 ἔχωί).

456 3915 474 3984 ¹)
494 3916 533 3971 Ist
552 3916 598 3972 die
610 3917 688 3974 Rede
707 3919 757 3973 dos
770 3917 908 3974 Antonius
927 3934 977 3973 vor
990 3917 1101 3973 Actium
1120 3916 1166 3972 boi
1179 3915 1257 3972 Cass.
1271 3915 1323 3972 Dio
1336 3911 1466 3970 besonders

360 4002 413 4058 auf
430 4002 475 4058 die
488 3991 702 4072 Uberlegenheit
721 4004 771 4060 der
783 4005 920 4074 Βθτίιιιιρ,
940 4020 972 4058 so
992 4003 1031 4058 ist
1049 4002 1094 4058 die
1108 4001 1261 4057 Octavians
1280 4001 1319 4056 im
1335 3997 1465 4070 Gegensatz

361 4088 435 4144 dazu
455 4104 525 4158 ganz
549 4088 599 4143 auf
616 4088 672 4143 den
690 4089 835 4145 ethischen
855 4089 1005 4159 Grundzug
1028 4087 1078 4143 dor
1097 4086 1303 4156 Gerechtigkeit
1325 4086 1372 4141 dor
1393 4079 1465 4137 δαείω

363 4174 512 4244 gestimmt.
525 4173 555 4242 L,
568 4173 618 4228 24:
632 4173 689 4229 ‘Ich
701 4175 784 4243 weiss,
802 4175 857 4230 dass
875 4173 921 4230 die
933 4174 1054 4229 meisten
1071 4172 1129 4228 und
1148 4171 1266 4242 grfiflten
1278 4166 1465 4241 Kriegserfolceff

358 4258 393 4328 ja
415 4259 485 4314 aller
507 4258 716 4315 menschlicher
733 4259 990 4331 Angelegenheiten
1013 4258 1185 4329 gliicklicher
1203 4257 1334 4328 Ausgang
1355 4255 1411 4310 dem
1429 4263 1465 4317 ιθ

361 4344 477 4400 rechten
496 4344 555 4400 und
574 4344 711 4401 frommen
724 4345 794 4400 Sinn
812 4345 871 4401 und
889 4345 939 4400 der
958 4348 1043 4415 guten
1055 4343 1306 4412 Handlungsweise
1324 4359 1358 4398 zu
1373 4334 1463 4394 dmkess
1518 4347 1519 4366 1

352 982 400 1047 sei
424 980 492 1045 und
517 979 572 1044 das
597 979 701 1044 θίίίυλ
725 1001 765 1044 zu
785 979 932 1044 θυραίου
955 978 1082 1043 Athens
1105 978 1175 1043 sich
1197 978 1337 1043 wenden
1361 983 1471 1041 mfisse:
