3184 5234
354 449 397 512 36
785 450 902 510 Victor
921 449 1063 516 Coelen,

354 626 484 694 nivibus
506 627 609 709 primo
633 628 665 690 et
686 623 859 708 praecipue
881 623 1044 706 speetatur
1067 620 1216 702 densitas,
1244 639 1347 704 eaque
1370 621 1489 684 men'to

355 731 451 796 etiam
479 729 585 812 petius
613 725 892 794 commemoranda
917 728 967 791 est
994 744 1090 806 quam
1116 724 1228 808 frigus,
1257 722 1343 806 quod
1371 727 1490 808 sponte

354 832 582 916 intellegitur’'.

444 936 484 1000 In
507 955 536 1000 ν.
554 937 618 1000 995
643 935 773 1013 αλεχρὸν
795 936 906 1014 ποιεῖν,
929 931 948 996 d
971 953 998 996 π
1020 935 1076 1010 nic
1099 931 1209 998 αἰδοῦς
1233 933 1332 1010 μέλλει
1353 929 1490 1008 τᾶγαλμ’

356 1040 545 1117 ἀναπλήεειν
568 1039 603 1102 in
626 1037 655 1104 R
677 1036 829 1102 traditum
853 1041 903 1100 est
925 1036 1043 1113 μέλλειε
1065 1035 1195 1114 τᾶγαλμ’
1212 1035 1428 1114 ἀναπλάττειν,
1451 1035 1489 1098 in

356 1141 489 1208 s-VM
513 1141 630 1220 μὲλλειε
652 1138 781 1215 τᾶγαλμ’
805 1137 929 1221 (ἄγαλμ’
953 1137 1011 1202 SM
1035 1141 1127 1219 corr.)
1150 1137 1350 1215 ἀναπλήεειν.
1374 1137 1490 1204 Lectio

356 1247 385 1312 Β
408 1245 495 1310 hune
522 1262 655 1308 sensum
681 1242 827 1326 pmebet:
858 1241 944 1324 quod
968 1241 1106 1306 Pudoris
1129 1242 1302 1324 imaginem
1326 1241 1490 1324 effingere

357 1348 462 1414 debes.
498 1346 570 1424 Qua
592 1347 749 1429 scriptura
772 1347 913 1410 maxime
934 1349 1065 1428 propter
1087 1344 1258 1408 articulum
1281 1343 1492 1408 offendimur.

356 1451 432 1516 Iure
459 1451 545 1516 enim
573 1448 609 1512 G.
625 1447 832 1514 Hermannus
859 1447 899 1511 ad
922 1448 952 1512 h.
974 1467 1002 1512 v.
1027 1449 1167 1513 monuit:
1197 1446 1299 1512 “Cum
1329 1447 1379 1511 vel
1409 1449 1494 1512 satis

356 1554 436 1618 mire
460 1551 580 1616 dietum
610 1553 659 1631 sit,
690 1551 828 1634 aliquam
859 1552 1032 1634 imaginem
1055 1551 1194 1616 Pudoris
1220 1550 1355 1634 fingere,
1385 1551 1493 1632 magis

357 1657 526 1722 molestum
543 1661 599 1737 est,
614 1653 721 1718 addito
737 1656 873 1720 articulo
889 1675 958 1720 eam
976 1655 1117 1739 effigiem
1134 1656 1227 1738 quasi
1242 1656 1380 1736 unicam,
1404 1673 1494 1736 quae

356 1761 438 1844 fingi
461 1760 569 1843 possit,
593 1757 867 1826 commemorari”.
892 1759 1001 1840 Atque
1018 1759 1114 1826 etiam
1128 1758 1247 1822 lenutio
1263 1757 1395 1835 τᾶγαλμ’
1412 1758 1493 1822 ἀνα-

357 1865 483 1940 πλήτειν
506 1860 704 1944 repudiande
723 1861 801 1925 mihi
818 1861 960 1940 videtur,
985 1881 1058 1924 nam
1074 1881 1196 1942 vereor,
1221 1865 1257 1926 ut
1275 1862 1494 1944 compositum

359 1966 549 2042 ἀναπλήθειν
574 1964 787 2046 “inquinare'’
811 1965 982 2048 significet,
1006 1965 1092 2048 quod
1112 1967 1146 2030 et
1163 1983 1278 2030 sensus
1296 1963 1435 2046 requirit
1460 1970 1496 2027 et

358 2069 496 2152 simplex
508 2072 646 2150 aptaque
657 2069 875 2150 interpretatio
888 2068 986 2132 sohel.
995 2068 1025 2130 V
1034 2067 1122 2132 nid:
1140 2067 1218 2146 ὅπερ
1230 2069 1329 2145 μέλλει
1342 2068 1495 2144 μολύνειν

358 2175 531 2254 (πληρῶεαι
555 2170 596 2252 V)
618 2173 676 2247 τήν
700 2171 780 2240 αἰδῶ
804 2177 922 2236 tuetur.
948 2171 1070 2236 Versus
1093 2173 1191 2255 igitur
1214 2177 1386 2255 corruptus
1409 2173 1495 2254 quin

359 2276 544 2340 coniectura
555 2273 716 2336 sanandus
728 2275 778 2356 sit,
790 2293 885 2338 nemo
897 2276 960 2338 iam
972 2274 1136 2338 dubitabit.
1149 2277 1257 2357 Atque
1269 2295 1342 2338 aum
1353 2273 1494 2338 verbum
1570 2325 1571 2354 ,

358 2376 550 2458 inquinandi
574 2381 788 2460 exspectetur,
816 2380 1004 2460 praeceptor
1025 2397 1117 2442 meus
1140 2377 1175 2442 B.
1193 2377 1317 2442 Keilius
1342 2378 1411 2441 ὅτι
1435 2381 1495 2455 τῆε

359 2481 470 2544 αἰδοῡε
489 2480 589 2555 μέλλει
608 2491 636 2560 (c
655 2481 688 2541 in
708 2481 826 2557 μὲλλειε
844 2480 957 2562 delete,
978 2481 1065 2562 quod
1085 2499 1127 2544 ex
1145 2502 1163 2544 τ
1181 2482 1381 2564 insequentis
1401 2482 1495 2544 renis
1570 2531 1571 2544 ι

359 2584 516 2666 originem
544 2581 649 2663 duxit)
671 2582 813 2662 τάγαλμα
840 2585 1006 2648 παλάττειν
1035 2585 1176 2650 seribere
1199 2586 1373 2668 proposuit.
1399 2583 1494 2660 Quae
1570 2561 1571 2648 Ῐ

362 2689 547 2752 coniectura
570 2687 794 2769 comprobatur
816 2693 848 2751 et
871 2687 1083 2752 confirmatur
1104 2688 1144 2752 H.
1165 2687 1278 2752 Dielsii
1303 2689 1495 2770 quaestione

362 2788 401 2853 de
421 2807 501 2852 voce
521 2788 685 2852 παλάττειν
707 2790 741 2852 in
760 2789 900 2854 Hermae
921 2789 983 2853 vol.
1003 2789 1071 2872 XL,
1091 2792 1186 2874 1905,
1209 2811 1238 2874 p.
1256 2792 1320 2855 306
1334 2810 1411 2874 sqq,
1437 2790 1496 2854 ubi

362 2892 402 2956 de
415 2893 617 2958 commutetis
629 2893 736 2956 verbis
748 2894 912 2958 παλάττειν
925 2899 958 2957 et
972 2896 1115 2960 πλάττειν
1132 2897 1244 2979 egitur.
1264 2895 1381 2959 Nostro
1394 2897 1497 2978 igitur

362 2995 432 3060 loeo
456 2996 490 3057 in
514 2994 543 3058 R
565 3014 622 3078 pro
646 3015 722 3060 vera
746 2997 908 3062 locutione
930 2995 1073 3074 τάγαλμα
1096 2999 1263 3063 παλάττειν
1289 2997 1496 3062 librariorum

364 3099 567 3182 neglegentia
581 3097 710 3176 τᾶγαλμ’
728 3100 931 3164 ἀναπλάττειν
947 3102 1103 3185 seriptum
1119 3106 1175 3166 est.
1195 3101 1298 3178 Quam
1312 3101 1497 3180 lectionem,

365 3222 439 3266 oum
463 3222 481 3264 a
504 3220 603 3265 sensu
622 3203 719 3264 totius
737 3202 800 3266 loci
819 3203 1014 3286 abhorreret,
1037 3206 1263 3287 grammaticus
1285 3205 1395 3268 neseio
1421 3205 1496 3287 quis

365 3307 398 3370 in
417 3304 546 3382 τᾶγαλμ’
567 3303 755 3382 ἀναπλήεειν
774 3307 917 3370 mutavit
942 3309 1049 3389 Atque
1067 3306 1242 3372 notandum
1264 3313 1311 3372 est
1330 3307 1449 3371 librum
1468 3306 1497 3369 R

367 3411 403 3472 ut
425 3409 459 3472 in
483 3427 511 3471 v.
528 3407 593 3470 432
619 3427 647 3488 p.
665 3407 706 3488 26
731 3410 863 3474 tractate
887 3411 935 3472 sio
954 3411 1049 3474 etiam
1068 3411 1101 3472 in
1126 3415 1234 3474 nostro
1260 3430 1288 3474 ν.
1312 3429 1423 3474 ansam
1444 3409 1497 3472 de-

367 3510 451 3576 disse
475 3511 634 3594 genuinae
659 3512 774 3576 comiei
796 3514 974 3596 scripturae
997 3513 1222 3578 restituendae.

899 3694 918 3774 ξ
943 3694 971 3756 5.

459 3819 623 3900 Sequitur,
653 3826 689 3883 ut
716 3819 821 3884 Pluti
848 3821 935 3886 locos
962 3827 1147 3904 tractemus,
1178 3823 1297 3906 quibus
1320 3823 1417 3887 S-V
1435 3821 1499 3886 aR

370 3923 559 4004 discrepant

459 4025 496 4090 In
517 4045 546 4087 v.
565 4027 604 4088 17
632 4028 680 4090 καλ
700 4026 787 4090 ταῦτ’
809 4027 1363 4112 enoxp1v0utvouqs-v,-ueq1q
1381 4030 1419 4091 τὸ
1440 4049 1499 4091 πα·

371 4127 476 4208 ράπαν
488 4126 565 4190 οὐδὲ
579 4132 640 4206 γρῦ
651 4147 757 4210 neque
770 4131 1022 4209 ἀποκρινομένου
1039 4152 1145 4215 neque
1161 4133 1401 4216 ἀποκρινομένῳ
1422 4130 1499 4196 ferri

370 4249 464 4314 posse
493 4231 615 4312 primus
643 4231 809 4298 Bentleius
839 4233 927 4298 vidit.
959 4235 1059 4300 Cuius
1087 4239 1305 4302 eonieoturam
1328 4234 1497 4314 ἀποκρινό-

372 4354 467 4412 μενοε
485 4332 674 4401 Dindorfius
698 4336 866 4419 amplexus
885 4337 954 4402 iure
978 4338 1136 4403 editorum
1155 4339 1284 4403 laudem
1304 4337 1395 4415 tulit3
1422 4339 1499 4401 haee
