3058 5222
258 523 444 593 Quaestiones
463 524 578 580 criticae
597 524 628 578 in
644 523 842 595 Aristophanis
859 523 978 580 tubuas.
1122 518 1185 579 195

63 701 112 782 λίψ
126 735 167 742 -
181 703 304 778 παιῶνι,
321 696 472 762 Menand.
488 698 519 779 4,
537 696 708 779 231‚vl‚8
728 695 779 781 [K.
796 698 870 778 535,
887 696 920 781 8]
940 697 1079 780 γαμηλίῳ
1098 696 1187 778 λὲχει,

64 802 175 866 Aesch.
192 799 302 884 Suppl.
318 802 383 865 813
407 801 472 880 πρὸ
492 803 595 864 κοίτας
613 801 774 882 γαμηλίου,
798 798 933 864 Ευωοο.
951 799 1016 864 838
1035 800 1186 877 γαμηλίου

62 906 175 984 τέλους,
203 903 342 987 Choeph.
359 905 424 967 485
448 903 526 982 χοάς
541 939 584 948 —-
599 904 779 984 γαμηλίους,
801 901 839 965 fr.
857 901 922 964 242
941 902 1102 981 γαμηλίων
1120 901 1187 964 λίκ-

61 1026 155 1088 τρων,
171 1005 247 1070 Εω.
263 1006 348 1070 Μοό.
362 1007 426 1070 073
444 1007 538 1084 εὐνῆς
554 1007 775 1085 -γαμηλίου,
794 1005 880 1069 1026
896 1004 1069 1083 γαμηλίους
1084 1005 1188 1086 εὐνάς,

63 1108 161 1174 Orest.
188 1111 273 1173 1050
296 1111 449 1188 γαμηλίου
476 1110 598 1191 λέχους,
626 1107 736 1171 lhoad.
758 1108 823 1170 352
848 1108 946 1184 μίλεςι
963 1107 1187 1186 -γαμηλίοις,

60 1211 95 1275 ir.
120 1213 236 1294 781,4
266 1214 439 1290 γαμηλίους
470 1211 608 1293 μολπᾶς,
640 1211 775 1292 781,17
807 1210 961 1287 γαμήλιον
991 1209 1188 1290 Ἀφροδίταν,

60 1315 95 1378 ir.
111 1317 177 1380 889
195 1316 348 1392 γαμήλιον
364 1315 466 1392 λέχος.
489 1312 697 1378 Adiectivum
712 1315 845 1391 γαμικὴν
861 1312 960 1395 igitur
975 1330 993 1376 e
1009 1310 1190 1375 vetustissi-

61 1437 110 1480 mo
134 1417 326 1500 glossemate
350 1417 422 1480 voci
440 1417 594 1493 ruphiaco
618 1416 835 1499 superscripto
858 1416 893 1478 in
915 1417 1042 1479 textum
1064 1412 1187 1477 illatum

63 1520 196 1585 ridetur.
225 1518 295 1596 Quo
313 1520 397 1583 facto
420 1519 649 1602 grammaticus
672 1518 874 1600 nescioquis
898 1519 1075 1601 scripturae
1098 1515 1188 1580 codd.

59 1729 189 1808 prosuit.
225 1725 293 1789 Iam
315 1744 357 1790 ne
384 1725 556 1790 lectionem
579 1724 640 1789 RV
663 1726 782 1788 διδότω
805 1745 850 1789 nc
876 1725 983 1790 verbis
1006 1724 1067 1788 BA
1091 1723 1189 1787 schol.

59 1831 145 1893 δότω
169 1850 214 1894 τις
239 1829 396 1913 potiorem
420 1828 584 1912 ducamus,
614 1848 688 1892 cum
711 1830 839 1892 numeri
863 1829 960 1892 huius
983 1847 1097 1893 versus
1121 1832 1190 1890 tum

59 1934 217 1998 sermonis
240 1951 319 1996 usus
342 1933 599 2015 Aristophaneus
623 1932 734 2014 obstat
758 1932 797 1996 de
821 1951 884 2014 quo
908 1930 1190 1996 Hemsterhusium

57 2037 97 2098 ad
128 2036 176 2100 Pl.
196 2035 282 2101 1195
310 2035 454 2100 Koclrius
481 2037 514 2098 in
544 2034 649 2098 adnot.
672 2035 713 2098 ad
736 2037 796 2099 Av.
814 2037 900 2098 1579
930 2034 1053 2098 collatis
1080 2033 1191 2098 multis

58 2139 218 2223 exemplis
246 2139 326 2204 haec
348 2138 612 2202 animadvertisse
635 2139 774 2201 monuit:
804 2137 961 2214 “Quando
985 2139 1019 2200 in
1042 2155 1191 2202 scaenam

58 2243 182 2326 aliquid
207 2242 343 2325 proferri
367 2241 492 2323 sibique
514 2242 635 2324 porrigi
658 2242 831 2324 postulant
855 2242 923 2305 lere
945 2241 1124 2323 legitimum
1142 2248 1192 2305 est

54 2347 146 2410 δότω
165 2367 217 2427 τις,
242 2346 364 2410 ἐκδότω
383 2345 457 2409 πς”.
482 2343 571 2421 Quae
591 2364 665 2409 cum
684 2345 728 2408 ita
747 2346 820 2426 sint
844 2365 874 2408 ν.
890 2350 999 2408 noster
1017 2345 1065 2408 sic
1083 2345 1191 2426 legen-

57 2449 118 2512 dus
144 2455 208 2512 est:
229 2449 381 2526 γαμήλιον
405 2451 537 2526 χλανίδα
562 2447 648 2511 δότω
671 2469 714 2512 nc
738 2449 840 2525 δεῦρό·
862 2469 921 2527 μοι.

154 2552 362 2634 vesparum
381 2570 410 2614 v.
428 2551 492 2614 570
511 2550 559 2615 sic
577 2550 730 2614 traditur:
750 2532 787 2614 τό
804 2555 840 2614 δὲ
855 2549 1050 2628 ςυγκόψαντ’
1067 2551 1109 2629 dp
1128 2549 1192 2629 ἅμα

57 2659 227 2734 βληχᾶται·
246 2655 366 2719 κᾶπειθ’
383 2658 445 2719 κτλ
464 2656 497 2717 in
516 2654 554 2736 R,
572 2655 612 2717 τὰ
639 2657 674 2718 δὲ
695 2653 887 2733 ςυγκύψαντ’
908 2654 1100 2733 ἀποβληχᾶτ’
1117 2656 1191 2737 (sec.

55 2758 182 2832 Herwll
199 2757 318 2822 κᾶπειθ’
330 2761 391 2822 κτλ.
403 2759 437 2820 in
454 2757 492 2820 V.
505 2757 637 2821 Lemma
656 2757 753 2821 schol.
767 2757 796 2820 V
810 2756 942 2840 praebet
957 2756 1019 2834 ἅμα
1033 2761 1190 2836 βληχᾶται.

54 2861 148 2925 Huic
167 2861 273 2926 versui
297 2860 438 2924 sanando
462 2860 555 2924 multi
572 2861 677 2924 critici
694 2859 897 2925 studuerunt.
916 2858 1105 2923 Dindoriius
1121 2861 1192 2942 qui-

53 2965 134 3030 dem
165 2965 282 3029 lemma
309 2963 407 3028 schol.
435 2963 463 3026 V
486 2967 617 3028 secutus
640 2962 703 3038 ἅμα
725 2965 872 3042 βληχᾶται
895 2964 1031 3045 scripsit.
1056 2961 1150 3039 Quod
1173 2983 1192 3026 a

53 3069 204 3132 numeris
227 3067 368 3131 alienum
392 3072 448 3149 est
473 3086 548 3130 cum
566 3066 689 3148 syllaba
712 3088 753 3144 μα
772 3072 847 3130 ante
869 3065 992 3131 litteras
1012 3070 1049 3145 βλ
1074 3067 1190 3149 corripi

51 3193 122 3235 non
148 3172 257 3255 possit
282 3170 329 3234 ef.
354 3172 392 3234 A.
412 3169 531 3253 Koppii
554 3169 788 3252 quaestionem:
814 3157 925 3232 “iiber
943 3170 1057 3252 positio
1077 3167 1190 3232 debilis

51 3273 124 3337 und
152 3273 310 3356 correptio
335 3272 463 3336 Attica’'
488 3273 522 3335 iu
546 3271 629 3335 Mus,
653 3272 752 3337 Rhen.
774 3271 860 3353 XLI,
879 3273 974 3354 1886,
993 3293 1022 3356 p.
1039 3273 1103 3336 248
1121 3291 1190 3354 sqq.

51 3376 216 3441 hleinekii
246 3395 321 3439 vero
352 3375 511 3457 scriptura
537 3376 576 3438 τό
599 3377 636 3438 δὲ
660 3376 873 3450 ςυγκόπτοντα
901 3377 1049 3453 βληχᾶται
1077 3374 1189 3438 valeo

50 3478 259 3564 repudianda
283 3484 338 3558 est,
362 3479 448 3561 quod
473 3498 491 3542 a
514 3478 706 3543 lectionibus
729 3477 789 3541 RV
812 3477 939 3560 longius
963 3477 1106 3542 discedit.
1127 3477 1190 3542 Ne·

49 3603 120 3666 que
142 3583 176 3646 in
195 3581 356 3663 Blaydesii
380 3581 603 3646 emendatione
626 3582 665 3644 τό
684 3584 719 3644 δὲ
738 3579 944 3668 ςυγκύπτονθ’
960 3579 1024 3658 ἅμα
1042 3584 1189 3659 βληχᾶται

49 3685 182 3750 versari
203 3703 318 3767 operae
336 3685 476 3767 pretium
496 3689 552 3748 est.
575 3683 643 3746 Iam
660 3682 748 3765 quod
765 3683 922 3765 Berghius
938 3682 1092 3767 probante
1107 3682 1190 3747 Her-

48 3787 209 3852 werdeno
233 3787 266 3848 in
292 3785 411 3850 Mnem.
435 3785 516 3850 Nor.
540 3785 606 3850 Ser.
625 3785 667 3867 Χ,
689 3785 784 3866 1882,
802 3805 832 3869 p.
853 3787 895 3848 86
920 3785 1114 3865 ἀμβληχᾶται
1132 3805 1192 3869 per

46 3892 230 3966 ἀποκοπὴν
253 3909 310 3972 pro
331 3888 542 3968 όναβληχᾶται
566 3889 703 3971 scripsit,
720 3888 759 3952 ab
783 3907 821 3952 eo
845 3893 1010 3972 propterea
1027 3887 1190 3970 dissentio,

46 3993 146 4076 quod
165 3993 228 4056 alia
247 3992 396 4076 exempla
414 3991 580 4069 ἀποκοπῆς
596 3991 635 4055 ab
649 3991 863 4075 Aristophane
879 3990 1040 4056 adhibitae
1058 4010 1122 4054 non
1141 3993 1191 4054 in-

45 4098 132 4162 veni
157 4097 221 4162 nisi
240 4096 281 4160 iis
300 4096 388 4174 locis,
412 4096 467 4177 qui
486 4094 617 4177 parodia
636 4099 712 4158 sunt
727 4113 880 4158 versuum
899 4095 1102 4176 tragicorum,
1119 4113 1145 4157 e.
1161 4115 1190 4178 g.

44 4203 109 4266 Ra
135 4201 220 4262 1477
241 4202 285 4262 τίς
304 4195 388 4262 οἶδεν
409 4199 433 4262 εί
456 4200 493 4260 τὸ
514 4202 571 4276 Ζῆν
591 4199 647 4276 μέν
668 4198 726 4262 ἐςτι
743 4201 918 4279 κατθανεῖν,
938 4196 1056 4278 antlia,
1073 4197 1189 4279 quibus

44 4304 203 4369 comicus
227 4319 379 4383 personas
398 4300 671 4365 luiaedialeeti
692 4301 817 4364 nescias
838 4298 1006 4382 loquentes
1030 4298 1115 4377 lacit
1136 4319 1189 4363 ve-

42 4407 101 4470 lut
128 4406 235 4469 civem
258 4403 478 4486 Megareusem
504 4405 536 4467 in
560 4405 642 4468 Aah.
668 4405 732 4467 732
761 4403 879 4483 ἄμβατε
905 4403 1025 4467 ποττὰν
1054 4406 1189 4484 μᾶδδαν,

1027 4526 1076 4580 13*
