3084 5228
332 462 396 525 122
759 462 875 519 Victor
894 461 1036 530 Coulon,

348 674 403 711 νεα.
587 641 616 702 Α
1143 631 1245 697 8-11

351 770 417 833 420
441 770 528 844 κάγὼ
552 770 588 833 ἐν
1149 760 1235 835 κάγὼ

352 873 415 935 517
441 873 502 950 ἢδη
1161 889 1221 932 om.

352 976 416 1039 535
441 977 501 1054 χρὴ
1151 975 1231 1051 νιῆν

351 1079 414 1142 537
439 1079 529 1156 ἡμῶν
1055 1075 1145 1153 ὑμῶν
1169 1093 1242 1138 cum
1265 1071 1325 1136 RV

352 1183 416 1245 538
441 1181 579 1259 ἔπεμπεν
1010 1179 1192 1257 ἀπέπεμπεν
1216 1195 1291 1240 cum
1313 1171 1374 1238 RV

352 1285 416 1346 542
439 1285 569 1362 πρῶτον
1134 1284 1245 1359 πρῶτα

351 1387 416 1450 580
440 1385 586 1466 φθονεῖθ’
1109 1382 1271 1465 φθονεῑςθ’

351 1489 416 1552 580
440 1493 557 1567 κομώςι
1125 1489 1261 1563 κομῶςιν

351 1591 414 1654 611
439 1596 626 1663 γενικώτατε
994 1593 1204 1654 νεανικώτατε
1228 1608 1304 1652 cum
1325 1586 1385 1652 RV

350 1694 415 1758 630
439 1696 730 1773 ψευδατραφύξυος
1036 1690 1328 1771 ψευδατραφάξυος

352 1797 415 1860 635
440 1798 620 1876 βερέςχεθοί
641 1817 675 1861 τε
698 1815 758 1860 om.
1042 1793 1161 1859 habent
1184 1814 1258 1858 cum
1281 1792 1341 1858 RV

350 1900 414 1963 673
439 1900 560 1979 ἑρπέτω
1133 1898 1250 1977 ἐρρέτω

351 2005 414 2067 792
436 2007 555 2067 τοῦτον
575 2002 664 2080 ὁρῶν
680 2002 818 2067 οἰκοῦντ’
831 2003 866 2067 ἐν
959 2003 1050 2084 ὁρῶν
1073 2002 1224 2067 οἰκοῦντα
1246 2003 1365 2066 τοῦτον
1387 1999 1419 2063 ἐν

350 2109 414 2172 793
438 2109 579 2184 γυπρίοις
1016 2107 1181 2184 γυπαρίοις
1206 2123 1278 2167 cum
1303 2103 1363 2167 RV
1530 2108 1534 2146 7

350 2212 412 2275 807
438 2209 647 2288 παρακόπτου
997 2208 1201 2287 παρεκόπτου
1225 2226 1300 2270 cum
1323 2206 1382 2271 RV
1533 2129 1536 2266 4

349 2314 414 2377 849
439 2313 544 2376 αὐτοῖς
1088 2311 1204 2375 αὐτοῑςι
1225 2313 1292 2374 τοῖς

350 2417 415 2479 894
440 2417 539 2479 καλὸν
1039 2415 1157 2480 καυλὸν
1182 2432 1258 2478 cum
1280 2412 1340 2476 RV

349 2520 414 2582 924
438 2517 625 2595 ίπτούμενος
1015 2519 1183 2596 ἰπούμενος
1208 2535 1283 2579 cum
1305 2514 1366 2579 RV

350 2621 414 2683 928
437 2622 507 2684 ταδί
1150 2618 1228 2683 τάδε

350 2725 414 2787 945
438 2723 576 2788 πολίταις
1031 2728 1166 2789 πολλοῖς
1189 2741 1263 2785 oum
1286 2719 1346 2784 RV

350 2827 415 2889 964
436 2829 502 2889 τῶν
524 2825 677 2904 μυρρίνου
981 2830 1040 2892 τοῦ
1065 2828 1216 2905 μυρρίνου
1240 2843 1316 2889 oum
1338 2821 1395 2886 RV

328 2930 413 2992 1121
437 2930 577 3007 γνώμαις
1045 2931 1155 3008 κόμαις
1177 2947 1252 2992 cum
1275 2926 1336 2990 RV

327 3035 413 3096 1128
437 3035 519 3111 πρὸς
541 3030 658 3110 ταύτην
1009 3034 1184 3114 προστάτην
1209 3050 1284 3094 cum
1306 3028 1366 3093 RV

328 3136 413 3199 1138
436 3138 516 3218 τύχῃ
1144 3136 1233 3213 τύχοι

327 3239 414 3302 1144
438 3239 488 3302 καί
512 3236 543 3316 μ’
1072 3238 1143 3316 κᾶμ’
1167 3236 1249 3318 (κᾶμ’
1273 3235 1307 3318 S)

327 3341 413 3404 1256
437 3339 575 3417 γένωμαί
603 3359 649 3402 ςοι
1099 3341 1206 3419 ἔςομαί
1229 3361 1275 3405 ςοι

327 3444 411 3508 1277
438 3443 532 3509 οὗτος
1142 3444 1237 3508 αὐτὸς

327 3547 413 3610 1285
438 3551 624 3628 καυςαρίοιςι
919 3549 1105 3625 καςαυρίοιςι
1129 3549 1200 3629 (·οις
1224 3544 1270 3628 Μ)
1299 3563 1371 3608 eum
1393 3540 1448 3606 RV

327 3650 411 3713 1877
437 3650 593 3727 ἐμάνθανε
1030 3650 1170 3714 ἀπέθανε
1192 3667 1267 3712 eum
1288 3646 1349 3713 RV

798 3886 986 3949 limarum:

350 4018 413 4080 134
437 4019 508 4095 θρία
1057 4019 1135 4094 θρίιυ
1161 4035 1235 4079 cum
1258 4014 1318 4079 RV

348 4120 413 4183 236
436 4119 465 4195 γ’
489 4120 554 4199 ἔχω
1154 4118 1219 4198 έχιυ

348 4223 412 4285 245
436 4222 686 4302 πολυκαλιίμνοις
916 4213 1445 4302 πολυκολύμβοιςιί-οιςΜλαααιΒλῙ

348 4325 413 4389 290
437 4329 472 4389 δέ
1052 4325 1081 4388 δ’
1099 4324 1141 4388 αὖ
1164 4342 1238 4387 oum
1261 4322 1322 4388 RV
