3058 5222
229 491 415 559 Quaestiones
434 491 549 545 criticae
569 489 599 544 in
617 489 815 559 Aristophanis
835 491 954 544 rabulas.
1111 484 1173 546 241

67 687 121 722 vss.
211 662 325 726 Suidas
338 669 370 725 et
382 662 504 726 scholia
847 663 975 726 codices

516 779 688 841 Ranmm
699 799 705 839 :

92 895 132 956 18
156 898 245 958 πλεῖν
284 895 302 970 ἢ
342 893 467 976 ’νιουτῷ
511 913 582 957 eum
638 895 724 972 πλὴν
748 895 899 971 ἠνιαυτοῡ
928 895 988 974 (ἠνι
1018 895 1117 960 αὐτοῦ
1137 894 1178 976 V)

157 995 270 1059 111πΙ
638 995 697 1060 RV

70 1101 132 1162 159
157 1097 247 1174 ἄγων
272 1117 346 1161 cum
370 1098 436 1162 111
813 1098 882 1174 ἄγω
905 1098 965 1163 RV
981 1119 1005 1161 r.

68 1203 132 1264 :²30
157 1203 410 1280 καλαμόφθογγα
430 1220 504 1264 cum
520 1200 584 1265 RM
770 1202 1002 1280 καλαμόφογγα
1018 1202 1047 1262 V

157 1309 187 1370 1
210 1324 235 1368 r.

68 1411 131 1470 ‘249
156 1407 554 1488 πομφολυγοπαφλάςμοςι
691 1408 1082 1487 πομφολυγοπαφλάςματι
1100 1407 1130 1469 V

158 1531 233 1574 cum
256 1509 347 1574 RMA
375 1529 398 1571 r,

68 1616 132 1677 308
158 1615 209 1678 ὁδὶ
233 1615 269 1676 δὲ
293 1631 366 1676 cum
383 1610 479 1674 VMA
503 1631 527 1673 r.
843 1614 862 1677 ὁ
887 1615 923 1676 δὲ
946 1613 975 1677 R

69 1718 131 1780 6‘21
157 1721 239 1796 πλὴν
263 1737 337 1781 cum
352 1714 419 1777 VM
441 1733 465 1776 r.
780 1720 854 1797 πρὶν
878 1735 951 1779 cum
976 1715 1034 1778 RA

68 1821 132 1883 660
157 1821 371 1897 περιβρὲμετοι
387 1817 503 1882 Suidas
519 1837 542 1879 s.
556 1837 584 1879 v.
678 1821 872 1898 ἐπιβρέμεται
896 1838 979 1882 omn.
1005 1816 1095 1880 codd.
1118 1838 1142 1881 r.

158 1922 335 2001 χελιδόνων
364 1928 396 1984 et
423 1921 522 1985 schol.
551 1921 585 1984 in

157 2025 262 2089 adnot.
286 2025 327 2088 ad
351 2023 405 2088 Ra.
423 2027 474 2087 93.

68 2130 131 2192 047
159 2133 310 2207 μέλαιναν
335 2147 408 2192 cum
425 2127 523 2191 VMA
803 2131 921 2208 μέλανα
944 2128 973 2192 R
996 2149 1019 2190 r.

48 2231 132 2295 1000
157 2235 225 2294 τοῖς
248 2231 347 2294 ἱςτίοις
371 2252 394 2293 r.
639 2237 704 2297 τοῖς
749 2237 857 2314 (ταῖςιν
893 2230 1001 2312 VMA)
1048 2233 1182 2306 ἱςτίοιςιν

641 2335 756 2410 (ἱςτίοις
781 2338 822 2416 A)
845 2334 972 2398 RVMA

532 2499 691 2560 Nubium:

67 2599 131 2659 215
158 2600 237 2674 μέγα
261 2619 335 2662 cum
355 2600 385 2661 Δ
701 2602 793 2665 πάλιν
809 2601 847 2682 V,
872 2602 955 2664 πάνυ
978 2599 1074 2663 RMA
1098 2619 1122 2662 r.

67 2703 132 2762 358
158 2703 346 2778 παλαιγενές
370 2721 442 2764 cum
460 2701 524 2763 VM
741 2704 947 2778 παλαιογενὲς
972 2701 1029 2765 RA
1054 2721 1077 2764 1·.

66 2806 130 2866 371
158 2805 280 2881 αἰθρία(
305 2801 400 2880 οὔςης
424 2822 499 2866 cum
516 2804 545 2864 V
768 2807 889 2885 αἰθρίας
912 2803 1005 2866 RMA
1029 2823 1054 2866 r.

66 2908 131 2969 649
158 2908 286 2984 κομψὸν
310 2926 382 2970 cum
409 2905 499 2970 RMA
525 2926 549 2968 r.
835 2903 985 2982 ςορὸν11

67 3011 133 3072 130
159 3009 410 3086 ἀποςτερητρίδα
490 3013 585 3090 (Mu
764 3004 1005 3084 ἀποςτερητικήν
1028 3005 1058 3069 R

158 3111 256 3175 schol.
272 3115 347 3192 ree.)
364 3131 438 3175 cum
450 3111 548 3176 VMA
561 3131 585 3174 r.

45 3216 130 3278 1006
157 3219 259 3297 λευκῷ
284 3234 358 3278 cum
382 3213 447 3277 MA
472 3236 495 3277 r.
840 3233 899 3276 om.
924 3211 984 3275 RV

45 3319 130 3380 1256
157 3321 413 3396 προςαποβαλεῑς
429 3338 504 3381 cum
520 3317 585 3381 MA
717 3317 766 3377 καὶ
790 3320 1042 3394 προςαποβαλεῑς
1065 3315 1103 3397 R,

157 3441 182 3483 r.
745 3422 794 3482 καὶ
817 3424 1028 3496 προςαπολεῑς
1046 3419 1074 3480 V

45 3525 127 3588 1217
158 3526 453 3602 προςκεκλήςεςθαι
508 3543 584 3587 eum
746 3525 991 3598 προςκεκλῆςθαι
1016 3521 1074 3586 RV

158 3626 222 3690 MA
248 3645 272 3689 r.

558 3736 665 3797 Pluti:

88 3855 127 3914 11
157 3851 414 3929 ἀποκρινομένου
438 3869 512 3914 cum
522 3849 585 3913 VM
763 3850 1004 3932 ἀποκρινομένῳ
1028 3849 1057 3912 R

157 3957 188 4018 1

63 4059 128 4121 301
156 4059 378 4134 γρυλλίζονῐες
399 4076 475 4120 oum
491 4055 585 4120 RMA
769 4058 965 4133 γρυλίζοντες
981 4054 1012 4115 V
1027 4074 1050 4116 r.

64 4163 131 4223 328
159 4162 283 4238 βλὲπειν
308 4179 381 4222 cum
405 4159 500 4224 RMA
524 4180 547 4224 r.
826 4161 950 4236 βλέπων
965 4157 997 4218 V

64 4265 126 4325 681
157 4265 262 4340 ἥγιζεν
286 4282 359 4325 eum
379 4261 472 4324 VMA
497 4280 520 4323 r.
832 4260 994 4338 ἠίτιζενΒ

65 4368 130 4428 160
158 4367 360 4442 νεωνήτοιςιν
374 4384 447 4428 cum
458 4363 585 4427 VMAr.
801 4363 971 4439 νεωνήτοις
994 4363 1022 4425 R

96 4505 164 4558 xm,
179 4507 200 4548 1.
1018 4485 1052 4541 16
