3058 5222
246 461 434 531 Quaestiones
454 462 569 518 criticae
588 463 618 516 in
636 463 832 532 Aristophanis
852 464 971 518 tabulas.
1111 459 1175 520 225

53 633 127 695 deuo
149 633 263 716 loquar
285 635 320 697 in
344 633 460 698 Mnem.
484 634 564 698 Nov.
582 635 647 700 Ser.
668 633 759 716 XXI,
783 637 878 716 1893,
902 656 931 718 p.
944 637 1010 698 444
1034 635 1173 719 Reiskio‚

53 737 100 818 qui
128 735 203 800 olim
231 739 358 816 ἐφέξων
382 739 414 819 (i.
440 757 465 802 e.
490 739 631 820 παύεων)
659 739 833 822 proposuit,
861 740 932 804 iure
957 741 1173 824 adstipulanti.

52 840 190 923 Namque
218 841 299 906 haec
325 841 448 906 Reiskii
474 845 607 906 mutatio
638 844 783 906 omnirun
808 843 975 908 lenissima
1005 847 1037 909 et
1060 845 1174 928 proba-

51 943 196 1007 bilissime
224 949 273 1008 est
303 964 378 1008 oum
406 963 453 1026 eo,
485 945 571 1028 quod
601 946 863 1028 palaeographiee
897 946 992 1012 facile
1028 947 1169 1031 explica

50 1053 96 1107 tur
120 1047 171 1127 (ci.
197 1047 236 1110 de
260 1068 305 1112 ειν
330 1051 361 1110 et
385 1070 433 1112 mv
459 1049 647 1130 permutatis
670 1068 698 1131 p.
715 1051 756 1110 47
783 1047 823 1111 ad
846 1048 893 1112 Pl.
909 1051 994 1131 328),
1028 1057 1097 1114 tum
1121 1070 1168 1132 οο,

50 1148 129 1229 quod
148 1149 300 1213 idoneum
319 1150 451 1233 praebet
473 1169 618 1229 sensum3
642 1151 781 1234 reposito
805 1153 892 1215 enirn
913 1153 1039 1230 ἐφέξων
1063 1155 1172 1218 versui

50 1255 107 1315 338
129 1257 187 1317 τοῦ
213 1254 242 1317 δ’
259 1254 415 1336 ἐφέξων,
440 1254 466 1316 ὠ
486 1255 602 1336 μάταιε,
625 1258 724 1318 ταῦτα
749 1259 829 1333 δρᾶν
853 1275 888 1319 (ε
906 1258 1061 1336 βούλεται,
1093 1257 1174 1340 opti-

49 1375 93 1419 me
111 1356 303 1440 respondere
322 1359 490 1440 sequentia
514 1357 731 1422 Philocleonis
761 1359 859 1422 rerba
888 1359 956 1422 οὐκ
981 1359 1022 1441 ἐᾷ
1045 1360 1085 1440 μ’,
1110 1361 1172 1426 ῶν-

48 1463 122 1540 doec
146 1461 280 1524 δικάζειν
303 1460 543 1524 Herwerdenus
568 1460 623 1523 λλ.
647 1462 781 1524 monuit.

129 1563 166 1626 In
201 1563 311 1628 Pacis
338 1583 366 1626 v.
381 1564 446 1628 219
476 1565 579 1642 ἥξουει
608 1565 726 1645 καύθιε,
759 1565 798 1641 ἢν
822 1565 945 1643 ἔχωμεν
972 1566 1031 1643 τήν
1062 1565 1172 1631 Πύλον

47 1665 80 1742 (Β
102 1664 184 1746 Ald.)
200 1684 257 1748 pro
276 1666 390 1730 Πύλον
406 1666 465 1730 RV
484 1667 576 1730 πόλιν
600 1667 726 1730 habent.
751 1667 946 1732 Scholiastae
970 1667 998 1732 R
1022 1673 1054 1731 et
1076 1668 1172 1733 lectio

47 1769 131 1831 πόλιν
154 1775 189 1832 et
209 1769 321 1833 Πύλον
344 1773 421 1832 nota
443 1775 518 1832 erat.
543 1769 598 1832 Sic
621 1770 705 1832 enim
727 1788 855 1834 versum
875 1769 1116 1852 interpretatur:
1137 1771 1171 1834 Si

46 1871 131 1934 πόλιν
158 1872 315 1954 seriptum
346 1877 403 1952 est
431 1876 526 1954 poeta
556 1881 665 1935 mouet
692 1871 963 1936 Lacedaemonios
994 1881 1170 1938 commotos

45 1974 125 2054 pacis
149 1973 309 2039 desiderio
329 1976 409 2040 urbe
429 1980 521 2057 capta
539 1993 725 2038 reversuros
745 1995 822 2039 esse.
847 1975 964 2056 Neque
985 1995 1061 2039 vero
1078 1996 1171 2060 aper·

45 2083 105 2137 tum
122 2081 179 2158 est
196 2085 306 2140 utrum
323 2078 433 2160 Sparta
450 2098 490 2140 an
507 2077 654 2141 Athenae
670 2078 903 2161 significentur.
923 2115 964 2124 -
981 2078 1038 2142 Sin
1057 2079 1170 2144 Πύλον

44 2181 192 2262 scriptum
216 2188 274 2261 est,
298 2182 407 2245 verius
431 2186 480 2244 est
503 2183 632 2264 propter
655 2184 815 2245 trecentos
839 2180 1111 2246 Iracedaemouios
1135 2186 1169 2246 et

46 2281 155 2363 Pylum
184 2283 222 2346 ab
250 2283 504 2348 Atheniensibus
533 2285 698 2346 munitam.
724 2283 872 2347 Schol.V
896 2290 933 2346 ut
962 2283 1082 2347 variam
1106 2285 1171 2350 lec-

43 2386 157 2449 tionem
177 2386 256 2451 illud
275 2387 386 2451 Πύλον
406 2395 647 2450 commemorat:
672 2387 707 2449 ἐν
724 2387 909 2470 ἀντιγράφω
927 2390 963 2450 δὲ
979 2386 1077 2464 εὗρόν
1092 2407 1170 2451 ποτε

43 2487 97 2566 “hv
120 2491 245 2569 ἔχωμεν
268 2492 327 2566 τὴν
349 2490 483 2554 Πύλον”
508 2492 557 2552 καὶ
587 2489 646 2553 ούκ
670 2490 799 2568 ἄκαιρος
827 2489 905 2567 αὓτη
930 2491 948 2567 ἡ
973 2492 1081 2568 γραφὴ
1106 2495 1169 2555 κτλ.

41 2590 141 2674 Recte,
159 2594 281 2675 opinor,
298 2593 487 2657 Dindoriius
503 2591 633 2673 iudicat,
649 2611 722 2656 eum
741 2592 831 2656 dicit:
850 2594 973 2656 “uota
989 2598 1045 2656 aut
1062 2613 1169 2658 errore

41 2694 155 2758 librarii
172 2698 328 2780 scriptum
344 2696 407 2759 fuit
425 2699 481 2759 aut
499 2697 737 2778 agrammatico
757 2696 905 2778 positum,
923 2697 978 2778 qui
995 2715 1059 2760 non
1076 2696 1169 2761 intel-

41 2797 168 2863 lexisset
190 2801 270 2863 lraec
294 2818 332 2864 eo
357 2807 500 2881 tempore
528 2799 614 2863 dicta
631 2799 721 2881 tingi,
746 2818 809 2880 quo
829 2798 931 2880 Pyius
950 2798 1080 2862 obsessa
1097 2801 1167 2882 qui-

40 2901 108 2964 dem
131 2901 171 2966 ab
195 2902 446 2966 Atheniensium
470 2902 571 2985 copiis
594 2903 651 2966 sed
677 2900 818 2964 nondum
843 2906 937 2984 capta
960 2905 1036 2982 emt,
1060 2901 1094 2964 id
1117 2908 1167 2966 est

40 3003 155 3085 aliquot
177 3011 251 3068 ente
275 3003 416 3067 fabulam
440 3004 524 3067 hanc
543 3009 646 3068 actam
665 3003 788 3067 anuis’'.
814 3002 903 3079 Quae
929 3024 1004 3067 cum
1026 3004 1070 3066 ita
1094 3004 1167 3086 sint,

40 3104 225 3188 iieinetiuq
243 3107 442 3188 Blaydesius
452 3107 584 3190 plurimi
602 3126 683 3170 reec.
701 3105 770 3170 edd.
791 3105 959 3169 Dindortio
972 3106 1054 3170 duce
1067 3107 1167 3189 scrip·

40 3217 138 3272 turam
161 3213 220 3286 τήν
243 3210 358 3274 Πύλον
380 3211 452 3274 iure
483 3209 623 3292 amplexi
647 3214 730 3290 sunt,
759 3208 878 3291 quippe
903 3227 985 3291 quae
1011 3215 1167 3273 vetustate

39 3331 108 3392 pme
127 3313 268 3376 lectione
286 3311 345 3375 RV
364 3315 422 3389 τήν
445 3313 541 3376 πόλιν
565 3311 816 3376 commendetur.
840 3310 987 3376 Forsitan
1007 3311 1166 3394 quispiam

39 3413 154 3479 dixerit
181 3415 355 3478 offensioni
387 3433 457 3479 esse
481 3434 599 3479 nomen
622 3414 730 3478 Πύλοε
754 3433 827 3477 οιιιιι
852 3413 987 3477 articulo
1012 3414 1167 3480 coniunc-

38 3521 109 3578 tum.
134 3519 188 3596 At,
211 3522 433 3598 praeterquam
458 3515 544 3598 quod
568 3518 664 3581 etiem
688 3517 722 3579 in
742 3516 793 3581 Ls.
808 3518 893 3580 1163
915 3519 975 3581 τὰν
990 3517 1106 3581 Πύλον
1121 3517 1166 3581 λο-

38 3619 119 3698 gitur
142 3625 175 3682 et
190 3617 338 3702 pluribus
357 3619 436 3682 locis
455 3618 540 3701 apud
555 3618 777 3700 Thucydidem
795 3619 906 3683 Πύλοε
924 3618 1058 3682 articulo
1075 3638 1166 3702 prae·

38 3719 135 3784 ditum
159 3721 325 3784 iuvenitur
347 3721 397 3803 (V,
410 3724 468 3802 7,3
489 3723 521 3785 ἐε
538 3725 595 3798 τὴν
615 3723 733 3802 Πύλον,
754 3721 882 3802 V‚39‚3
904 3723 948 3785 ὼε
966 3723 1025 3799 τὴν
1044 3722 1164 3806 Πύλον,

39 3822 104 3898 vll,
121 3826 207 3906 26,2
228 3827 262 3888 ἐκ
280 3829 336 3902 τῆ(
354 3825 485 3906 Πύλου),
510 3844 583 3889 οιιιιι
608 3824 648 3887 de
672 3824 752 3905 Pylo
776 3823 832 3888 ilia
854 3829 975 3907 egetur,
1000 3843 1082 3906 quae
1102 3825 1166 3888 illis

38 3928 230 4010 temporibus
259 3930 293 3990 in
323 3929 467 3993 omniurn
501 3946 555 3991 ore
585 3932 661 4008 erat,
694 3925 807 4008 quidni
841 3926 1074 4010 Aristophanes
1106 3930 1165 4005 τήν

36 4029 143 4095 Πύλον
168 4031 312 4095 diceret?
336 4030 382 4094 Gi.
407 4029 442 4094 G.
463 4030 683 4094 Uckermanni
705 4027 863 4092 libellum:
889 4016 1002 4093 “Uber
1021 4029 1083 4094 den
1103 4033 1165 4094 Ar-

37 4133 108 4196 tihel
138 4133 190 4197 bei
219 4133 440 4216 Eigennamen
467 4134 502 4196 in
526 4133 589 4198 den
613 4131 792 4197 Komo'dien
817 4132 873 4196 des
897 4132 1164 4216 Aristophanes”‚

38 4255 61 4316 p.
76 4238 132 4299 12:
159 4237 274 4301 “Steht
301 4257 336 4300 er
363 4237 440 4318 (scil.
466 4236 523 4300 der
546 4237 691 4318 Artikel),
717 4236 802 4298 daun
826 4237 868 4298 ist
892 4255 926 4300 er
950 4236 1161 4318 anaphorisch

40 4339 98 4401 und
127 4343 222 4405 weist
248 4340 305 4404 auf
331 4340 383 4403 die
408 4340 622 4404 Bekanntheit
645 4339 701 4404 des
726 4338 818 4403 Ortes
847 4338 924 4403 oder
948 4340 1057 4403 seiner
1079 4339 1162 4403 Ver·

86 4479 150 4532 x111,
165 4483 185 4523 ι.
1004 4462 1037 4516 15
