3078 5228
188 497 238 553 Die
257 496 463 565 παρακλητικοί
481 498 511 553 in
531 498 581 554 der
599 497 794 569 griechischen
813 516 841 555 n.
854 502 922 554 τόαι.
936 499 1084 555 Literatur.
1160 495 1202 557 13

65 669 284 754 vorgehoben,
314 669 454 734 weshnlb
482 670 577 735 haine
605 669 812 736 einheitliche
836 671 1024 754 Anspraehe
1051 672 1201 756 gehaltnn

65 771 200 838 werden
223 773 356 837 honnte:
382 774 496 838 λοιπὸν
512 773 551 852 ἠν
571 773 623 836 διά
641 777 707 837 τῶν
727 773 897 851 ἡγεμόνων
912 777 1054 838 ποεῑεθαι
1069 777 1124 840 τὰ(
1140 775 1203 842 άξι·

66 880 160 941 ῶεει(
193 879 242 939 καὶ
272 877 535 956 παρακλήεειε.
576 875 640 957 ΠΙ,
659 878 711 958 43,
730 877 769 938 ll
804 875 888 940 heim
921 875 1203 962 Rhonehhergang

64 979 262 1043 Hannibnls:
286 980 423 1058 Ἀννίβα(
440 982 477 1042 δέ
495 1029 502 1042 .
519 1029 526 1042 .
543 1030 550 1043 .
568 982 645 1044 τοὺ(
659 982 809 1058 πριίιτου(
827 978 1061 1058 ἀποβαίνοντα(
1077 982 1200 1044 (υνί(τα

64 1083 116 1145 καὶ
132 1083 344 1159 παρεκάλει.
361 1081 420 1163 ΠΙ,
430 1083 482 1162 44,
496 1083 534 1146 ll
548 1082 672 1145 τούτοι(
688 1081 717 1146 δ’
730 1082 800 1158 ἐξῆ(
816 1081 976 1159 εὐθαρεεῑ(
993 1077 1068 1147 εἶναι
1084 1103 1201 1160 παρε-

64 1185 177 1248 κάλει.
216 1183 569 1265 ΙΠ,54,1ιιιιλί”ιθλίοΙι
597 1185 686 1248 eines
713 1184 945 1262 παρακλητικό(
969 1183 1056 1248 beim
1080 1184 1201 1268 Alpen-

65 1287 249 1371 iibergnng:
276 1292 411 1365 θεωρῶν
425 1289 465 1352 τά
487 1290 588 1368 πλήθη
613 1289 781 1364 δυεθόμω(
807 1287 985 1364 διακείμενα
1003 1289 1053 1351 καὶ
1073 1290 1124 1352 διὰ
1142 1290 1200 1366 τήν

62 1392 342 1470 προγεγενημένην
363 1391 578 1470 ταλαιπωρίαν
608 1391 658 1453 καί
685 1390 736 1452 διὰ
763 1391 820 1466 τὴν
848 1387 891 1452 ἐτι
919 1391 1199 1474 προ(δοκωμένην,

63 1493 215 1570 ἐπειρᾶτο
246 1494 454 1571 ωναθροίεα(
485 1495 721 1570 παρακαλεῖν
833 1491 891 1572 ΙΠ,
912 1491 1001 1573 62,1
1034 1513 1093 1556 zur
1121 1492 1200 1556 Ein-

62 1594 192 1678 leitung
210 1595 268 1658 der
285 1595 509 1673 παρακλητικοί
528 1593 652 1678 Scipion
670 1593 737 1658 und
754 1592 932 1657 Hannibale
951 1595 986 1656 in
1002 1593 1199 1660 Oberitnlien

63 1747 94 1760 ..
113 1747 120 1759 .
145 1696 283 1775 Ἀννίβα(
307 1699 356 1760 καὶ
371 1697 517 1762 Πόπλιο(
540 1695 733 1775 ἐπεβάλοντο
756 1699 986 1774 παρακαλεῖν
1002 1699 1058 1761 τά(
1077 1698 1200 1761 ἑαυτῶν

61 1801 221 1877 δυνάμει(
245 1799 295 1862 ΠΙ
312 1799 363 1881 63,
382 1801 423 1862 14
445 1803 512 1863 τῶν
528 1802 564 1863 δὲ
582 1802 714 1863 πολλῶν
730 1798 981 1876 ἀποδεχομένων
996 1801 1034 1863 τό
1049 1820 1083 1864 τε
1099 1801 1200 1877 παρά-

62 1905 178 1980 δειγμα
197 1904 248 1965 καῖ
263 1904 338 1967 τοὺ(
357 1902 474 1978 λόγου(
492 1903 542 1966 καί
561 1901 792 1980 λαμβανόντων
812 1900 916 1979 ὁρμὴν
935 1903 985 1965 καί
1007 1903 1198 1982 παράεταειν

61 2007 140 2070 οῖον
156 2005 176 2069 ό
192 2009 426 2083 παρακαλῶν
446 2006 622 2069 ἐ(πούδα(ε
708 2003 766 2080 ΠΙ,
785 2004 868 2084 64,1
889 2053 919 2066 ..
937 2053 943 2066 .
962 2005 1018 2067 τά(
1035 2007 1070 2069 δὲ
1088 2006 1200 2068 λοιπὰ(

61 2109 211 2184 δυνάμει(
231 2111 420 2183 (υναγαγὼν
439 2108 648 2184 παρεκάλει.
672 2105 731 2188 ΙΠ,
745 2107 797 2187 64,
811 2106 850 2168 11
870 2155 917 2169 ...
935 2111 1070 2186 διαφῆκε
1085 2128 1200 2186 προ(-

59 2212 328 2288 παρακαλέεα(
356 2211 501 2288 ἑτοίμου(
526 2205 601 2274 εἶναι
628 2210 710 2289 πρὸ(
731 2212 768 2273 τὸ
797 2211 1103 2288 παραγγελλόμενον.
1140 2210 1198 2275 Ich

60 2312 145 2377 hehe
157 2313 244 2377 noch
257 2313 309 2377 die
321 2311 512 2396 Hhufigheit
524 2311 581 2376 der
592 2312 822 2396 Bezeichnung
833 2317 1026 2392 παρακαλεῖν
1038 2313 1198 2378 ιιιιίῖιθίίαῖι

59 2417 120 2480 der
143 2417 369 2495 παρακλητικοί
393 2415 449 2480 dns
468 2416 627 2480 Aemilius
642 2416 764 2480 Paulus
782 2417 851 2480 und
866 2417 1045 2481 Hannibale
1065 2437 1123 2480 vor
1141 2417 1200 2482 der

58 2519 216 2584 Schlacht
240 2518 292 2583 bei
316 2518 445 2584 Cannae
469 2519 594 2584 hervor.
617 2517 675 2600 ΠΙ,
696 2521 769 2601 108,
791 2521 808 2582 1
829 2519 891 2584 Διδ
917 2521 967 2582 καί
989 2520 1198 2598 παρακαλέ-

58 2643 199 2686 (αντε(
222 2624 300 2686 τοὺ(
319 2625 390 2700 περὶ
408 2623 465 2687 τὸν
485 2624 625 2700 Αίμίλιον
649 2671 703 2687 ...
728 2624 941 2689 ἐξαπέσειλαν
964 2672 1018 2686 ...
1043 2623 1101 2706 ΠΙ,
1124 2625 1196 2706 108,

59 2727 79 2786 5
105 2723 219 2802 διόπερ
317 2725 389 2788 ἑνδ(
412 2727 592 2803 προεδεῑται
614 2727 652 2788 τά
676 2727 851 2807 πράγματα,
873 2730 928 2801 τῆ(
952 2727 1101 2804 ὑμετέρα(
1124 2731 1198 2806 βου-

57 2830 186 2905 λήεεω(
208 2829 259 2890 καὶ
288 2828 476 2909 προθυμίαε,
506 2825 585 2904 ὑπὲρ
610 2826 646 2904 ἢ(
674 2826 753 2892 οὐδὲ
776 2831 1075 2906 παρακαλεῑεθαι
1098 2830 1196 2893 πλείω

55 2931 194 3006 πρέπειν
205 2929 277 3007 ὑμῖν
290 2929 515 3008 ὑπολαμβάνω.
534 2929 592 3012 ΠΙ,
606 2931 680 3010 108,
694 2931 713 2993 0
727 2934 791 2995 τοῑ(
804 2931 858 3007 μέν
871 2951 906 3004 γε
919 2934 1030 3009 μιεθοῡ
1043 2931 1130 3010 παρά
1141 2951 1196 2994 τιει

57 3037 322 3111 (τρατευομένοιε
437 3034 608 3109 ἀναγκαῖα(
641 3034 660 3099 ὁ
688 3034 811 3113 τρόπο(
839 3034 954 3109 γίνεται
986 3038 1052 3112 τῆ(
1082 3054 1198 3112 παρα-

56 3139 235 3214 κλή(εω(.
259 3135 319 3218 ΙΠ,
338 3137 411 3218 108,
429 3139 446 3200 ῖ
465 3136 512 3202 οῖ(
530 3139 565 3200 δέ
582 3185 589 3200 .
606 3187 613 3200 .
630 3185 637 3200 .
655 3136 733 3215 ὑπὲρ
751 3143 842 3216 (φῶν
858 3137 965 3201 αὐτῶν
980 3139 1029 3201 καὶ
1044 3137 1197 3214 πατρίδα(

55 3241 108 3303 καί
128 3243 289 3314 γυναικῶν
308 3241 357 3304 καί
375 3241 496 3304 τέκνων
514 3239 532 3303 δ
550 3241 702 3304 κίνδυνο(
716 3240 898 3319 (υνέετηκεν
917 3289 924 3302 .
942 3289 948 3302 .
966 3289 972 3303 .
990 3237 1197 3317 ὑπομνήεεω(

56 3341 177 3420 μόνον,
207 3345 477 3421 παρακλήεεω(
508 3341 602 3407 δὀὐ
633 3345 799 3421 προεδεῖ.
835 3341 894 3424 ΙΠ,
913 3343 985 3423 111,
1012 3344 1028 3404 1
1058 3343 1196 3421 Ἀννίβα(

55 3447 93 3507 δέ
111 3493 119 3505 .
134 3493 161 3507 ..
178 3445 285 3522 κρίνα(
300 3448 500 3522 προεδεῖεθαι
516 3447 785 3524 παρακλήεεω(
801 3445 859 3508 τὸν
871 3446 982 3522 καιρὸν
995 3448 1109 3522 (υνῆγε
1120 3446 1197 3508 τοὺ(

53 3547 214 3610 πολλου(
237 3545 296 3628 ΠΙ,
310 3547 416 3629 111,5
433 3547 473 3610 τὸ
492 3549 532 3610 δέ
554 3550 788 3626 παρακαλεῖν
808 3547 888 3624 δμᾶ(
898 3549 958 3610 νῦν
972 3546 1022 3609 διά
1034 3546 1196 3610 πλειόνων

53 3648 224 3725 εὐθαρεεῖ(
247 3650 297 3711 καὶ
320 3649 503 3726 προθύμου(
526 3643 602 3712 εἶναι
626 3649 707 3726 πρὸ(
730 3649 787 3712 τὸν
807 3649 953 3713 κίνδυνον
974 3648 1126 3727 οὐδαμῶ(
1145 3670 1196 3726 μοι

53 3754 149 3815 δοκεῖ
172 3752 328 3827 καθήκειν.

152 3851 262 3916 8αίιοιι
276 3852 326 3916 bei
335 3853 520 3936 Xenophon
532 3853 602 3916 tritt
613 3852 700 3917 diese
713 3854 900 3918 technisohe
910 3853 1142 3936 Bezeichnung
1153 3873 1195 3917 ιιιι

52 3956 233 4020 mehreren
249 3955 369 4022 Stellen
386 3956 445 4022 der
455 3956 616 4021 Anahasis
632 3957 700 4020 auf:
720 3956 779 4038 ΠΙ,
797 3957 825 4038 1,
839 3958 881 4019 24
898 3955 965 4020 ἀλλ’
981 3957 1054 4021 ίεω(
1068 3959 1129 4035 γὰρ
1146 3957 1195 4020 καί

53 4061 149 4124 ἄλλοι
168 4059 267 4122 ταύτά
286 4061 506 4142 ἐνθυμοῦνται,
524 4063 606 4138 πρὸ(
624 4064 709 4124 θεῶν
724 4063 764 4139 μή
781 4061 989 4139 ἀναμένωμεν
1007 4059 1124 4125 άλλου(
1140 4059 1195 4138 ἐφ’

52 4167 141 4242 ἡμά(
159 4163 262 4228 ἐλθεῖν
279 4167 595 4242 παρακαλοῦντα(
611 4166 660 4227 ἐπὶ
674 4164 714 4227 τά
731 4162 862 4228 κάλλιπ’
878 4164 955 4242 ἔργα
971 4213 978 4227 .
992 4213 1019 4227 ..
1036 4162 1095 4245 ΙΙΙ,
1110 4165 1137 4245 1,
1150 4163 1194 4226 44

53 4270 75 4332 ἃ
95 4269 150 4331 καί
170 4266 250 4344 ἡμά(
270 4269 317 4331 δεῖ
335 4269 396 4330 νῦν
417 4267 653 4344 καταμαθόντα(
744 4266 859 4330 αὐτού(
874 4265 901 4329 τ’
918 4265 1038 4344 ἄνδρα(
1053 4265 1194 4342 ἀγαθοὺ(

53 4369 135 4437 εἶναι
165 4372 217 4434 καὶ
239 4373 315 4434 τοὺ(
338 4369 455 4435 ἄλλου(
483 4374 715 4449 παρακαλεῖν
818 4371 856 4447 ἣν
880 4373 917 4434 δέ
940 4368 1025 4449 όμεῑ(
1050 4369 1139 4433 αὐτοί
1161 4389 1196 4434 τε
