3084 5228
360 498 425 560 104
805 503 923 559 Victor
943 504 1083 570 Goulos,

357 675 405 738 iit
437 675 586 739 Comicus
615 676 702 739 enim
731 675 895 739 Cratinum
923 675 1139 755 περιπόνηρον
1167 677 1351 760 significare
1380 677 1472 751 voluit,

357 782 396 842 ut
418 780 622 844 adnotatione
650 780 748 844 schol.
771 781 847 859 παρ’
868 782 1024 844 ὑπονοίαν
1048 783 1083 844 δὲ
1106 780 1169 861 ἔφη
1192 785 1229 847 τὸ
1253 784 1425 860 Ἀρτέμων·
1445 783 1471 845 oi

359 884 420 962 γὰρ
450 887 575 964 τοῦτον,
606 883 684 946 ἀλλὰ
712 885 771 947 τὸν
802 885 955 963 Κρατῖνον
986 886 1131 962 βούλεται
1162 888 1297 963 δηλῶεαι
1328 884 1472 948 docemur.

359 985 503 1050 Manavit
523 989 608 1049 certe
624 985 704 1049 illud
720 987 797 1050 οὐδὲ
816 1005 857 1050 ex
877 987 969 1050 initio
988 1007 1017 1050 v.
1034 989 1098 1050 848
1118 987 1188 1051 οὐδ’
1205 988 1355 1067 ἐντυχών.
1380 989 1472 1052 Lectio

359 1095 466 1154 autem
494 1089 564 1152 οὐδ’
586 1091 693 1168 ὥτπερ
719 1088 737 1151 ὁ
761 1091 901 1169 πονηρὸς
928 1093 984 1154 aut
1007 1089 1124 1155 Suidae
1148 1093 1210 1174 ipsi
1233 1092 1362 1155 crimini
1386 1091 1472 1155 danda

359 1195 416 1273 est,
440 1210 537 1274 quem
561 1192 745 1274 saepissime
768 1192 865 1255 verba
890 1193 1110 1256 immutantem
1133 1193 1410 1276 deprehendimus
1432 1203 1474 1256 aut

358 1294 497 1358 librariis
520 1313 577 1378 pro
603 1295 621 1359 ὁ
641 1315 711 1373 περι
729 1293 810 1358 falso
829 1295 935 1373 ὥτπερ
959 1294 978 1358 ὁ
1002 1297 1296 1360 transcribentibus.
1321 1296 1425 1380 Atque
1445 1296 1472 1359 ad

360 1397 459 1460 verba
475 1398 494 1460 ὁ
513 1397 728 1475 περιπόνηρος
747 1396 903 1475 Ἀρτέμων
918 1397 1107 1461 illustranda
1125 1397 1325 1480 BlaydesiuS,
1342 1400 1431 1463 cuius
1444 1399 1473 1462 cl.

360 1501 466 1565 adnot.
490 1500 530 1563 ad
559 1500 588 1562 h.
612 1520 650 1581 ν.,
681 1505 806 1582 praeter
833 1499 895 1563 alia
922 1500 1078 1582 Hesychii
1103 1501 1239 1584 glossam
1267 1501 1472 1581 Περιπόνηροτ

360 1604 515 1682 Ἀρτέμων
539 1610 571 1666 et
594 1603 710 1666 Athen.
734 1601 801 1665 XII
825 1604 888 1666 533
914 1622 931 1667 e
954 1604 1094 1686 protulit

449 1707 486 1770 In
515 1706 583 1770 fine
611 1727 640 1769 ν.
666 1707 730 1769 916
755 1705 783 1769 R
811 1706 974 1789 ceterique
1003 1706 1093 1770 codd.
1118 1709 1304 1785 θρυαλλίδα(
1329 1707 1473 1775 exhibent

360 1809 382 1874 S
406 1811 577 1887 θρυαλλίδα
594 1811 675 1872 etin
695 1812 788 1872 textu
812 1810 900 1873 etin
924 1808 1031 1891 schol,
1056 1829 1128 1873 cum
1153 1808 1251 1873 schol.
1276 1810 1306 1873 R
1329 1812 1363 1873 in
1386 1809 1473 1872 adnot.

361 1915 550 1990 θρυαλλίδα(
577 1912 737 1995 praebeat
771 1911 838 1976 Alii
868 1913 972 1976 critici
1001 1913 1198 1995 singularem
1226 1916 1405 1993 θρυαλλίδα,
1432 1912 1473 1975 αλλ

359 2015 515 2099 pluralem
532 2017 721 2095 θρυαλλίδα(
736 2014 875 2099 amplexi
892 2021 974 2078 sunt
998 2016 1037 2079 In
1053 2018 1197 2080 exhemo
1216 2036 1244 2079 v.
1262 2018 1325 2080 917
1348 2015 1420 2080 Bor
1435 2017 1474 2078 διὰ

361 2121 548 2197 θρυαλλίδα(
566 2118 704 2200 tradunt
719 2118 775 2183 Ao
793 2119 982 2198 θρυαλλίδα(
999 2122 1071 2202 (om.
1084 2120 1154 2197 διά).
1178 2119 1217 2182 ln
1233 2118 1262 2182 R
1277 2124 1363 2182 totus
1379 2137 1474 2183 versu

361 2226 490 2304 propter
514 2221 790 2285 homoeoteleuton
814 2221 911 2285 deest
950 2221 1095 2285 Rditores
1122 2224 1157 2284 in
1185 2243 1213 2285 r.
1231 2224 1293 2286 917
1320 2240 1474 2286 numerum

361 2325 555 2408 singidonem
574 2327 794 2408 restituerunt,
818 2327 904 2408 quod
923 2327 956 2389 in
976 2347 1005 2390 v.
1023 2329 1087 2391 918
1107 2327 1213 2391 statim
1232 2329 1382 2410 sequitur
1399 2325 1474 2402 αὕτη

360 2429 420 2507 γὰρ
441 2432 503 2492 κτλ.
539 2427 740 2512 Quapropter
764 2435 923 2512 praestare
946 2429 1025 2492 mihi
1048 2430 1178 2494 videtur
1201 2431 1295 2494 etiam
1319 2432 1353 2492 in
1377 2450 1405 2492 v.
1422 2428 1474 2491 916

361 2551 435 2595 cum
452 2531 546 2595 Dind.
564 2531 672 2596 lesl.
691 2532 787 2596 Mein.
807 2531 877 2596 aliis
893 2532 993 2597 Suida
1011 2541 1141 2597 auctore
1158 2536 1328 2610 θρυαλλίδα
1343 2533 1474 2598 scribere.

450 2635 488 2698 In
512 2655 540 2698 v.
562 2637 623 2699 971
656 2631 734 2699 εἶδε(
762 2635 789 2697 ὠ
817 2639 901 2700 πᾶτα
927 2637 1003 2700 πόλι
1030 2637 1088 2700 τὸν
1116 2638 1275 2716 φρόνιμον
1304 2635 1405 2715 ἄνδρα
1429 2637 1474 2698 τὸν

361 2738 547 2817 ὑπέρταφον
570 2737 670 2802 verba
693 2733 772 2802 εἶδε(
796 2738 822 2801 ὠ
847 2738 895 2802 bis
919 2739 1074 2819 leguntur
1095 2739 1129 2802 in
1150 2738 1298 2802 omnibus
1319 2739 1474 2814 codicibus

362 2839 460 2904 semel
483 2841 516 2903 in
541 2840 562 2904 S
587 2843 619 2904 et
641 2840 790 2905 lemmate
813 2841 912 2905 schol.
947 2841 993 2904 Ut
1015 2841 1080 2906 dici
1103 2841 1211 2924 possit,
1238 2847 1311 2906 utra
1335 2844 1474 2925 scriptura

361 2943 488 3008 sincera
503 2944 553 3026 sit,
573 2963 601 3007 v.
619 2946 683 3008 988
700 2943 900 3008 adhibendus
916 2949 972 3018 est
990 2946 1045 3027 qui
1062 2948 1171 3008 nostro
1187 2945 1296 3008 versui
1312 2945 1473 3029 respondet

361 3046 458 3110 Initio
483 3067 510 3109 v.
529 3049 593 3110 988
621 3048 791 3125 ἐπτέρωταί
814 3047 840 3109 τ’
865 3048 913 3110 ἐπὶ
936 3049 974 3110 τὸ
998 3051 1128 3112 δεῖπνον
1152 3047 1215 3125 ἅμα
1238 3051 1288 3111 καὶ
1313 3050 1424 3125 μεγάλα
1443 3047 1473 3118 hh

362 3154 477 3230 φρονεῖ
499 3151 534 3211 in
557 3149 586 3214 R
609 3169 671 3212 sec.
690 3149 799 3212 Herw.
819 3150 990 3229 ἐπτέρωταί
1012 3151 1048 3226 τ’,
1071 3151 1104 3213 in
1130 3152 1150 3214 Γ
1167 3153 1216 3214 ταὶ
1235 3151 1273 3232 δ’,
1297 3151 1332 3214 in
1348 3153 1377 3216 A
1391 3155 1430 3213 τῶ
1443 3147 1473 3219 δ’,

363 3253 396 3314 in
416 3250 503 3317 ech
522 3252 600 3333 τάδ’,
623 3253 657 3315 in
680 3252 830 3316 lemmate
846 3252 943 3317 schol.
959 3254 999 3316 τὰ
1016 3253 1054 3334 δ’,
1078 3253 1134 3317 sed
1151 3255 1322 3330 doripetron
1338 3256 1370 3317 in
1387 3252 1473 3317 adnot

363 3355 459 3419 schol.
472 3355 501 3418 R
517 3355 669 3419 traditum
686 3361 743 3419 est.
768 3355 960 3437 Priusquam
975 3363 1087 3420 notum
1105 3359 1172 3420 erat
1185 3358 1220 3418 in
1236 3356 1265 3420 R
1280 3355 1440 3435 ἐπτέρωταί
1452 3351 1473 3414 τ’

363 3458 511 3539 inveniri,
542 3458 680 3522 editores
710 3464 766 3522 aut
792 3458 940 3522 lacunam
968 3461 1149 3524 statuerunt
1176 3462 1272 3523 aute
1301 3457 1473 3524 coniecturis

363 3559 468 3624 locum
493 3560 731 3643 suppleverunt,
755 3561 845 3624 velut
862 3561 1064 3626 Meineclrius
1088 3564 1122 3624 in
1140 3562 1236 3626 Vind.
1252 3565 1308 3626 Ar.
1332 3583 1361 3646 p.
1378 3563 1414 3624 18
1430 3559 1473 3621 oia

363 3665 427 3726 τοτὶ
451 3662 480 3724 δ’
497 3662 651 3741 ἐπτόηται.
686 3662 754 3726 lam
783 3683 855 3728 oum
884 3684 1060 3747 pronomen
1090 3665 1195 3729 cirrosi
1225 3665 1392 3730 delendum
1416 3678 1473 3724 esse

365 3770 496 3846 constet
522 3766 599 3847 quin
625 3768 659 3829 in
682 3787 711 3829 v.
729 3769 791 3830 971
813 3767 908 3830 lectio
928 3767 949 3830 S
969 3773 1001 3831 et.
1019 3768 1117 3832 schol.
1134 3763 1214 3831 εἶδε(
1235 3768 1386 3832 ὠαοαλτα
1399 3762 1471 3829 codd.

365 3863 443 3932 εἶδε(
469 3868 496 3931 ὡ
521 3865 602 3933 εἶδε(
628 3870 654 3933 ὠ
680 3889 755 3934 vera
779 3871 828 3950 sit
852 3870 991 3933 dubitari
1015 3891 1080 3934 non
1104 3875 1216 3953 potest

454 3971 493 4034 In
506 3971 573 4035 fine
586 3972 684 4036 huius
695 3973 885 4056 paragraphi
897 3993 999 4055 pauca
1011 3973 1155 4037 dicamus
1171 3973 1212 4038 de
1226 3974 1308 4038 locis
1324 3972 1472 4036 dialectum

365 4072 585 4156 Megarensem
617 4094 693 4158 prae
724 4094 758 4138 se
778 4075 963 4156 ferentibus
983 4095 1063 4158 quos
1079 4096 1109 4158 p.
1126 4078 1247 4157 Stisqq.
1268 4075 1376 4139 allatos
1390 4071 1470 4135 rides.

365 4174 485 4240 Omnes
514 4177 582 4242 fere
614 4197 708 4242 voces
739 4178 866 4242 dialecti
897 4178 1092 4261 Megarensis
1122 4180 1156 4241 in
1184 4180 1327 4244 Atticam
1352 4180 1470 4260 linguan

365 4298 476 4343 versae
501 4280 585 4363 apud
608 4280 740 4344 Suidam
762 4281 855 4344 nobis
879 4286 1062 4344 occurrunt.
1094 4280 1180 4357 Quas
1204 4283 1393 4346 mutationes
1413 4292 1470 4341 cum
1530 4367 1531 4374 ἵ

365 4381 536 4465 Buengero
566 4387 606 4466 (p.
629 4384 683 4465 61)
713 4403 778 4446 non
809 4383 870 4466 ipsi
900 4383 1018 4447 Suidac
1048 4383 1234 4448 tribuendas
1269 4403 1339 4449 csse
1370 4395 1468 4448 canem
