3176 5222
362 465 425 530 104
795 472 891 528 iosel
908 473 1082 542 hibertus,

361 644 410 708 his
433 643 490 708 auf
513 644 564 708 die
588 643 859 709 Lesbonoxreden
884 644 950 708 und
976 645 1082 728 einige
1106 645 1280 728 gesondert
1303 645 1488 730 poblizierte

360 747 637 812 Feldhennroden
661 747 706 810 im
725 747 954 812 wesentliohen
978 748 1182 814 technisohes
1201 748 1412 814 Kunstmittel
1435 748 1491 814 der
1557 757 1558 774 ¹

360 850 641 934 Historiogrephie
665 849 731 914 und
755 871 817 914 nur
840 851 892 913 ihr
916 851 1115 935 zugeordnet
1136 852 1231 916 blieb.

450 954 535 1017 Vom
564 954 797 1032 παρακλητικόε
828 954 936 1037 liegen
967 954 1019 1019 die
1046 954 1276 1038 Beziehongen
1303 975 1376 1019 zum
1401 959 1492 1030 γένος

361 1056 565 1120 ἐπιδεικτικόν
588 1054 656 1118 und
684 1056 813 1139 speziell
841 1077 915 1121 zum
944 1057 1106 1137 surreptor
1136 1059 1233 1123 offen.
1273 1059 1381 1123 Schon
1410 1059 1492 1122 oben

361 1159 472 1222 wurde
496 1158 610 1222 darauf
633 1159 861 1243 hingewieson,
885 1159 946 1224 dess
971 1161 1029 1224 das
1052 1159 1156 1224 Motiv
1175 1161 1233 1224 der
1251 1162 1491 1226 Autochthonie

361 1263 419 1328 der
453 1263 599 1327 Atheneo
631 1283 691 1328 zur
724 1263 967 1348 Ermunternng
1000 1264 1123 1328 sowohl
1157 1267 1201 1328 im
1235 1265 1491 1330 Isokreteisohen

361 1365 614 1450 Panegyrihos1)
645 1366 692 1430 als
722 1367 806 1431 euch
835 1368 870 1430 in
901 1368 959 1432 der
987 1369 1123 1432 zweiten
1155 1367 1405 1433 Lesbonexrede
1437 1389 1492 1431 zur

362 1469 503 1552 Gelhrng
520 1469 649 1533 kommt
683 1469 722 1534 In
742 1470 911 1534 derselben
930 1470 1020 1535 Rode
1035 1471 1192 1552 (28-66)
1211 1471 1308 1535 ieiert
1331 1472 1491 1538 Isokretes

361 1571 470 1635 Athen
498 1571 544 1634 als
571 1571 798 1655 Begriinderin
825 1573 905 1638 aller
931 1574 1174 1640 mensohliohen
1204 1574 1343 1638 Kultur:
1378 1578 1418 1640 27
1444 1577 1491 1640 εό-

363 1677 498 1754 ρήεομεν
515 1676 575 1753 γὰρ
595 1673 695 1752 αὐτὴν
715 1676 754 1739 οὐ
780 1676 880 1752 μόνον
902 1681 969 1740 τῶν
992 1679 1073 1755 πρὸ(
1098 1677 1240 1754 πόλεμον
1267 1679 1346 1742 ἀλλὰ
1369 1683 1419 1744 καὶ
1439 1685 1491 1755 τῇ(

264 1780 267 1788 “
362 1776 456 1856 ἄλλη(
480 1783 678 1860 κατατκευῆε,
702 1778 779 1863 ἐνῇ
803 1784 1012 1858 κατοικοῦμεν
1036 1783 1086 1844 καὶ
1110 1780 1177 1858 μεθ’
1201 1781 1237 1859 ἡ(
1260 1784 1490 1860 πολιτευόμεθα

363 1884 413 1945 καὶ
436 1881 475 1945 δι’
494 1883 534 1959 ἣν
556 1885 615 1959 ζῆν
638 1883 813 1964 δυνάμεθα,
837 1884 950 1961 εχεδὸν
974 1883 1093 1962 ἁπάεηε
1116 1885 1215 1948 αἰτίαν
1239 1885 1346 1949 οὐεαν.
1390 1885 1491 1948 Eheu-

362 2003 398 2049 so
424 1985 468 2048 40
499 1988 610 2062 πρώτη
641 1985 702 2064 γὰρ
733 1985 865 2067 (Athen)
900 1988 949 2050 καὶ
978 1986 1100 2063 νόμους
1132 1987 1223 2050 ἔθετο
1255 1991 1304 2051 καὶ
1336 1990 1490 2053 πολιτείαν

363 2089 577 2164 κατεττήεατο.
595 2137 625 2151 ..
650 2089 698 2151 καὶ
723 2091 778 2166 μὲν
798 2090 837 2166 δή
862 2091 994 2153 καὶτῶν
1013 2094 1134 2169 τεχνῶν
1153 2091 1207 2154 τότ
1225 2111 1259 2155 τε
1280 2093 1364 2169 πρότ
1382 2091 1491 2166 τάναγ-

363 2195 435 2254 καῖα
457 2193 515 2254 τοῦ
545 2191 614 2269 βίου
643 2194 789 2271 χρηεὶρατ
818 2195 868 2256 καὶ
890 2195 947 2258 τὰ(
974 2194 1056 2273 πρὸ(
1083 2194 1205 2271 ἡδονὴν
1228 2197 1490 2274 μεμηχανημένοε,
1557 2193 1558 2198 ’

361 2294 417 2357 τό(
441 2296 499 2369 μὲν
522 2294 668 2374 εόροῦεα,
692 2296 748 2359 τὰ(
774 2298 810 2359 δὲ
832 2297 1019 2372 όοκιμάεαεα
1043 2300 1173 2375 χρῆεθοι
1196 2283 1261 2360 τοῑε
1285 2295 1390 2362 ἄλλοι(
1415 2319 1490 2376 παρ-

363 2395 491 2459 έδωκεν.
517 2433 560 2442 -
583 2395 721 2460 Endlioh
750 2397 806 2461 des
831 2398 898 2461 Lob
927 2398 1132 2462 athenischer
1161 2400 1301 2462 παιδεία;
1334 2401 1375 2463 47
1401 2403 1491 2464 Φιλο-

362 2497 477 2574 εοφίαν
499 2500 616 2579 τοίνον,
644 2499 663 2576 ἣ
687 2498 792 2564 πάντα
814 2503 915 2565 ταῦτα
939 2504 1108 2580 ευνεξηῦρε
1132 2501 1181 2565 καὶ
1205 2503 1488 2576 τυγκατετκεόαεεν.

362 2602 411 2662 καὶ
441 2600 522 2679 πρόε
549 2620 583 2664 τε
606 2603 663 2666 τὰ(
686 2603 812 2681 πράξειε
837 2604 917 2680 ἡμᾶς
941 2604 1123 2668 ἐπαίδευεεν
1151 2607 1200 2668 καὶ
1228 2606 1311 2681 πρὸ(
1339 2605 1490 2682 ἀλλήλους

362 2700 597 2778 ἐπράυνεν
626 2705 645 2781 ἡ
672 2701 760 2769 πόλι(
789 2706 880 2783 ἡμῶν
908 2706 1095 2787 κατέδειξεν,
1125 2707 1175 2768 καὶ
1202 2701 1319 2780 λόγου(
1349 2708 1488 2785 ἐπ’μητεν,

1557 3761 1558 3802 ι

362 2811 576 2822 ..—.—-..

280 2852 284 2860 ·
361 2846 589 2909 προτρεπτικοὺε
608 2845 710 2909 λόγου(
729 2846 936 2912 τυγγρόφουει,
957 2849 1043 2900 καλόν
1064 2849 1115 2912 μὲν
1134 2847 1220 2912 ἔργον
1239 2847 1437 2914 ἐπιχειροῦτιν,
1456 2849 1486 2900 οὺ

364 2928 419 2994 μὴν
437 2927 502 2994 περί
520 2945 553 2993 γε
575 2931 610 2982 τό
634 2930 781 2996 κρότιττον
800 2935 852 2998 τῆ(
875 2929 1049 2997 φιλοτοφίαε
1071 2932 1266 2998 διατρίβουειν.
1299 2935 1360 2988 όεοι
1380 2937 1411 2988 δὲ
1432 2938 1488 2988 τοῑτ

362 3015 514 3080 νεωτέροις
528 3013 713 3081 εἰεηγοῦνται,
735 3016 771 3082 μὴ
786 3017 820 3069 δι’
835 3017 878 3069 τόν
890 3017 944 3082 τὴν
957 3017 1106 3082 δεινότητα
1118 3018 1171 3084 τὴν
1185 3019 1216 3071 ἐν
1227 3021 1289 3072 τοῑτ
1302 3001 1399 3085 λόγοιτ
1411 3022 1487 3084 &cxli-

362 3113 464 3165 εουειν,
485 3099 543 3152 ἀλλ’
559 3100 640 3154 hotot
658 3101 694 3152 τό
712 3104 772 3153 τῶν
790 3101 911 3166 τρόπων
930 3102 986 3166 ἢθη
1008 3104 1156 3156 επουδαῑοι
1179 3105 1338 3169 πεφυκέναι
1357 3107 1486 3169 δόξουαν,

361 3183 492 3252 τοεοότῳ
518 3187 624 3250 μᾶλλον
642 3183 759 3238 ἐκείνων
777 3185 847 3239 roric
870 3185 1028 3240 όκοόονταε
1048 3187 1217 3256 ὠφελοῦειν,
1242 3190 1310 3243 δεον
1330 3191 1357 3244 ol
1378 3193 1426 3255 μὲν
1445 3189 1485 3242 ἐπὶ

362 3271 450 3334 λόγον
463 3275 681 3340 παρακαλοῦτιν,
701 3272 730 3326 οἱ
754 3275 785 3326 δέ
803 3275 855 3327 τὸν
874 3274 985 3340 τρόπον
1009 3275 1105 3328 αὐτῶν
1131 3275 1348 3340 ἐπανορθοῦειν.
1379 3275 1486 3330 Ciceros

362 3355 528 3410 Hortensius
540 3373 600 3410 war
617 3357 661 3410 die
675 3358 856 3426 Ermahnung
874 3375 923 3413 zur
936 3359 1125 3429 Philosophie.
1152 3361 1191 3414 De
1211 3360 1336 3422 div.2,1
1356 3359 1485 3415 cohortati

361 3455 461 3495 sumus
478 3444 510 3495 ut
522 3441 644 3495 maxime
657 3443 798 3510 potuimus
818 3443 856 3499 ad
875 3444 1069 3513 philosophiae
1088 3444 1212 3499 studium
1230 3461 1265 3498 eo
1284 3444 1365 3509 libre,
1384 3445 1429 3514 qui
1447 3448 1484 3496 est

362 3527 513 3596 inscriptus
527 3529 701 3584 Hortensius.
730 3530 847 3584 Trebell.
861 3529 929 3584 Poll.
943 3530 1001 3584 Sor.
1015 3529 1042 3582 h.
1055 3529 1124 3598 Aug.
1138 3527 1256 3583 Gallien.
1270 3531 1314 3584 20.
1340 3531 1375 3584 M.
1388 3529 1484 3584 Tullius

363 3612 394 3665 in
412 3613 562 3667 Hortensio
581 3630 664 3682 quem
684 3614 720 3668 ed
739 3615 897 3684 exemplum
917 3614 1083 3683 Protreptici
1103 3613 1223 3683 scripsit.
1244 3615 1361 3670 Sueton.
1375 3616 1439 3682 Aug.
1452 3611 1484 3666 8ό

363 3697 451 3750 mults
469 3697 542 3752 varii
561 3699 672 3767 generis
691 3716 777 3768 prose
795 3700 924 3754 oratione
943 3699 1112 3768 composuit,
1132 3741 1138 3752 .
1158 3741 1188 3754 ..
1212 3699 1280 3754 item
1299 3699 1483 3755 Hortetionem

364 3783 401 3838 od
418 3783 632 3852 philosophiam.
647 3784 724 3853 Diog.
736 3786 826 3839 Laert.
841 3785 894 3851 Vll,
910 3785 961 3838 129
975 3787 1015 3838 ὼε
1028 3784 1072 3839 καλ
1085 3785 1277 3839 Ποτειόιίινιόε
1291 3801 1378 3852 φηειν
1390 3787 1418 3838 ἐν
1429 3785 1482 3836 roi<

363 3873 590 3936 προτρεπτικοῖς
618 3871 698 3924 Auch
717 3871 813 3924 mecht
826 3870 963 3939 Diogenes
983 3871 1076 3926 neben
1095 3871 1159 3925 dem
1171 3871 1401 3926 Aristotelischen
1418 3883 1482 3933 τρο-

363 3956 512 4022 τρεπτικόε
537 3955 582 4010 die
605 3955 655 4009 des
679 3955 834 4009 Demetrio:
857 3971 915 4010 von
936 3955 1088 4023 Phaleron,
1112 3957 1163 4010 des
1185 3956 1325 4026 Aristipp‚
1348 3954 1481 4023 Telephon

363 4041 458 4094 Aristo
478 4041 535 4095 und
553 4040 657 4110 Epihur
674 4041 810 4095 nemheit.
842 4041 890 4095 Ich
908 4041 1037 4096 erinnere
1057 4041 1131 4095 noch
1149 4057 1188 4096 en
1206 4042 1262 4096 den
1279 4037 1481 4108 Προτρεπτικός
1557 4089 1558 4114 ¹

364 4125 414 4180 des
433 4126 531 4192 Galen,
555 4142 592 4179 en
616 4125 765 4180 Iamblicho
783 4125 1001 4191 Προτρεπτικός
1024 4123 1063 4176 εἰ(
1087 4122 1263 4190 φιλοεοφλαν
1286 4125 1344 4178 und
1363 4123 1479 4177 Clemens
1557 4121 1558 4130 ¹

363 4227 421 4264 von
430 4211 622 4266 Alexandrien
634 4213 852 4278 Προτρεπτικὸε
864 4211 938 4276 πρὸ(
946 4207 1097 4276 ιἘλληναεΙ
1121 4209 1172 4264 Die
1183 4210 1345 4265 christliche
1354 4210 1480 4264 Literetur
1557 4273 1558 4286 χ

364 4296 446 4352 weist
464 4298 538 4351 noch
557 4298 698 4352 menchen
710 4297 868 4355 ¹hhnlichen
886 4296 1102 4362 Προτρεπτικός
1121 4295 1177 4350 aul.

342 4383 344 4386 ’
458 4383 478 4454 ¹)
496 4383 582 4437 lsohr.
596 4384 699 4453 Peneg.
713 4383 755 4438 24.
