3058 5222
340 503 403 566 188
764 509 880 566 Victor
902 509 1046 578 Goulon‚

427 681 465 744 In
490 702 518 744 ν.
535 682 600 744 372
625 682 720 760 χώρει
744 703 803 747 νυν
827 685 889 746 πᾶ(
912 682 1067 760 ἀνδρεῐωε
1086 681 1146 746 RV
1170 684 1265 760 χώρει
1281 685 1321 760 δή
1340 685 1400 746 νῦν
1414 683 1459 744 ha-

338 784 428 863 beut;
459 785 630 849 scholiasta
659 785 754 864 χώρει
783 787 843 849 νῦν
871 784 966 868 legit;
999 784 1065 848 sed.
1093 785 1211 849 lemma
1239 786 1337 850 schol.
1366 786 1392 846 V
1420 789 1460 848 aa

338 888 475 966 χώρειαν
499 891 567 952 νῦν.
596 887 635 950 In
659 906 723 969 quo
746 887 872 952 litterae
900 908 940 952 αν
964 887 1047 950 nihil
1073 888 1162 952 aliud
1190 892 1268 952 sunt
1289 889 1354 952 nisi
1377 890 1461 952 vcsti-

336 991 390 1073 gia
409 991 662 1054 maiuscularum
681 991 861 1056 litterarum
880 991 943 1073 ΛΗ,
969 993 1089 1075 quibus
1108 994 1303 1078 archetypus
1322 999 1461 1057 exaratus

338 1099 415 1160 erat.
439 1097 507 1158 Aut
530 1096 568 1172 δὴ
593 1097 650 1158 aut
673 1099 733 1159 νῦν
757 1097 852 1160 metri
871 1115 969 1160 causa
988 1096 1172 1160 eiciendum
1190 1100 1247 1161 cst
1279 1099 1388 1180 Atque
1405 1097 1462 1160 cdi

337 1197 462 1262 toribus
486 1198 650 1279 assentior,
670 1199 726 1280 qui
750 1203 846 1278 χώρει
866 1221 926 1265 νυν
945 1200 1157 1283 scripserunt3
1184 1201 1224 1264 ct.
1243 1201 1299 1264 Ra.
1316 1203 1391 1282 440,
1411 1200 1463 1264 ll).

340 1304 427 1366 1114
450 1307 579 1380 χωρεῖτε
603 1324 671 1382 νυν,
701 1302 781 1366 alios
805 1303 929 1368 similes
952 1302 1049 1366 locos.
1079 1304 1276 1367 Particulam
1301 1307 1408 1368 autem
1429 1305 1462 1378 δὴ

338 1407 376 1468 ut
398 1425 493 1489 saepe
517 1405 565 1469 sic
582 1406 680 1470 etiam
698 1407 732 1468 in
756 1412 867 1470 nostro
892 1426 921 1470 ν.
945 1407 1019 1470 voci
1043 1429 1103 1471 νυν
1126 1406 1321 1490 adscriptam
1345 1408 1380 1469 in
1403 1411 1464 1470 ten-

338 1509 408 1572 tum
432 1508 552 1571 illatum
576 1528 647 1572 esse
666 1509 844 1572 verisimile
861 1513 918 1574 est.
944 1509 1012 1574 Νυν
1031 1510 1117 1572 enim
1136 1509 1398 1592 frequentissime
1415 1528 1465 1592 per

339 1613 378 1689 δὴ
403 1611 598 1694 explicatum
624 1612 664 1675 cl.
688 1611 737 1675 ad.
762 1611 857 1694 uqa
881 1633 910 1695 p.
930 1613 969 1675 11
994 1612 1164 1695 prolatum.

446 1727 484 1790 ln
505 1748 534 1791 ν.
555 1730 620 1791 378
644 1727 711 1791 ἀλλ’
729 1728 809 1806 ἔμβα
833 1727 953 1807 χῶπως
973 1727 1058 1806 opere
1077 1730 1136 1804 τήν
1155 1730 1315 1806 Σώτειραν
1334 1728 1363 1792 R
1382 1728 1466 1792 exhi·

338 1892 395 1956 bet
422 1893 525 1974 αἴρεις,
555 1891 583 1958 V
607 1892 751 1975 ulprtcut,
783 1892 870 1975 quod
898 1894 1010 1957 nescio
1040 1913 1081 1956 an
1112 1913 1154 1957 ex
1178 1841 1266 1971 ulpddd
1293 1896 1401 1958 ortum
1423 1893 1466 1956 sit

337 1994 443 2059 Schol.
456 1995 486 2055 V
515 1993 753 2060 adnotationem
788 1996 932 2079 praebet:
963 1995 1034 2060 olor
1063 1997 1202 2074 ὑψώεειε
1231 2001 1296 2061 τοῖς
1325 1997 1466 2060 ἐπαίνοιι

339 2096 429 2174 Quae
445 2095 542 2160 verba
558 2097 680 2161 indicio
697 2102 774 2162 sunt
789 2099 993 2164 scholiastam
1013 2100 1096 2178 ἀρεῖ(
1114 2100 1240 2183 legisse.
1259 2099 1354 2163 Hauc
1375 2097 1467 2162 schol.

339 2200 531 2281 scripturam
556 2220 630 2263 cum
654 2200 826 2283 Meineki0,
846 2201 979 2285 Koclrio,
1000 2201 1173 2285 Blaydesio
1189 2221 1344 2286 reponere
1364 2203 1466 2264 malim

340 2321 436 2383 quam
448 2322 523 2364 cum
534 2302 674 2366 Velseno
692 2303 841 2367 codicum
853 2304 1010 2369 lectiones
1023 2304 1182 2370 nolenter
1192 2307 1228 2369 in
1241 2305 1326 2384 ἄρξει
1339 2313 1466 2368 mutare.

428 2417 466 2480 ln
491 2417 660 2482 Nubiunr
684 2440 712 2482 v.
733 2422 889 2484 489-90
909 2419 966 2495 ἄγε
990 2443 1049 2485 νυν
1074 2420 1176 2498 ὅπως,
1199 2420 1279 2486 ὅταν
1301 2442 1329 2485 τι
1352 2421 1467 2499 προβά-

340 2523 387 2582 λω
404 2541 451 2585 cor
467 2522 572 2599 εοφὸν
592 2519 598 2606 Ι
619 2525 689 2601 περὶ
705 2527 771 2586 τῶν
790 2527 967 2604 μετεώρων,
984 2523 1103 2587 εὒθὲωε
1121 2523 1302 2602 ὑφαρπὰεει
1317 2522 1401 2604 (RV)
1417 2543 1467 2605 pro

340 2623 520 2701 ὑφαρπάεει
547 2624 644 2688 schol.
669 2627 863 2703 ευναρπάεει
885 2626 920 2688 in
943 2626 1093 2690 lemmate
1118 2625 1221 2689 habet.
1252 2626 1291 2688 In
1315 2626 1343 2690 R
1366 2625 1467 2708 glossa

339 2727 506 2790 invenitur
521 2728 700 2806 ὑφαρπάεει
713 2728 781 2792 ἀντὶ
800 2732 860 2792 τοῦ
877 2731 1076 2808 ευναρπάεηε
1092 2731 1161 2810 (arc
1176 2729 1342 2811 Bulbum).
1369 2732 1467 2812 Appa-

339 2832 390 2893 ret
411 2831 512 2912 igitur
528 2831 704 2913 genuinam
727 2851 841 2896 vocem
865 2833 1050 2914 ὑφαρπάεει,
1072 2833 1126 2896 cui
1145 2839 1254 2897 nostro
1272 2832 1344 2896 loco
1362 2834 1467 2914 utiquc

339 2933 509 2997 melioret
532 2934 707 3016 elegantior
731 2936 891 2998 sententia
914 2935 1026 2999 subest
1042 2973 1085 2982 -
1101 2937 1188 3000 valet
1210 2938 1298 3000 enim
1321 2936 1466 3000 Ladnum

340 3035 547 3120 “surripere”
563 3073 606 3084 -
627 3056 723 3118 quam
738 3037 787 3099 illi
806 3039 1004 3119 curcumitu,
1023 3039 1085 3102 hoc
1104 3039 1296 3122 glossemate
1313 3059 1355 3104 ex
1372 3044 1467 3116 textu

340 3140 398 3220 qui
421 3139 611 3203 scholiastae
635 3146 761 3223 praesto
786 3147 861 3222 crat
886 3147 1051 3204 extrusum
1075 3160 1155 3204 esse,

430 3243 469 3305 V.
495 3244 581 3305 1046
606 3244 653 3305 sic
678 3242 814 3306 traditus
839 3247 902 3306 cst:
929 3243 997 3321 ὁτιὴ
1022 3243 1166 3309 κάκιετόν
1184 3245 1242 3308 lan
1259 3246 1309 3309 καὶ
1332 3246 1467 3308 δειλότα-

340 3367 398 3409 τον
422 3345 598 3426 (RVMAQ
623 3349 727 3411 δειλὸν
744 3349 775 3411 Δ
800 3347 932 3428 aliique)
956 3350 1039 3410 ποιεῖ
1061 3347 1118 3410 τὸν
1143 3345 1254 3424 ἄνδρα.
1284 3347 1389 3410 Schol.
1409 3365 1466 3408 rec.

341 3448 376 3510 in
399 3448 549 3512 lemmate
573 3449 706 3531 praebet
729 3449 847 3531 δειλόν,
872 3448 929 3512 sed
953 3448 1053 3512 schol.
1078 3453 1170 3512 vetus
1193 3449 1228 3510 in
1252 3448 1359 3512 adnot„
1380 3448 1466 3511 dicit:

341 3553 526 3617 δειλότατον
543 3555 579 3614 δὲ
595 3548 689 3617 εἶπεν.
709 3552 808 3616 Hunc
825 3571 964 3634 versum,
986 3553 1090 3634 qualis
1111 3553 1146 3615 in
1162 3552 1331 3616 codicibus
1347 3553 1467 3636 legitur,

340 3655 418 3718 ferri
439 3675 503 3718 non
522 3674 615 3738 posse
639 3657 724 3720 inter
747 3657 878 3720 criticos
903 3659 1035 3719 constat
1060 3655 1253 3738 Blaydcsius
1278 3655 1409 3738 quidem
1432 3653 1466 3718 ad

340 3757 371 3820 h.
395 3777 424 3820 v.
447 3759 587 3821 monuit:
618 3758 764 3822 “Versus
788 3758 927 3842 frigidus
951 3765 984 3822 et
1005 3761 1115 3821 nostro
1144 3759 1330 3841 indignus”.
1359 3757 1467 3839 Neque

341 3859 435 3924 aliter
457 3857 601 3924 Koclrius
626 3862 735 3942 sensit,
761 3862 893 3924 cumin
917 3866 1071 3943 apparatu
1095 3861 1208 3924 critico
1239 3860 1467 3924 animadverte

341 3966 406 4027 ret:
433 3963 611 4027 “Daniele
634 3964 740 4046 uass„
765 3964 919 4029 darunter
941 3965 1018 4028 Rav.
1040 3965 1130 4046 Van,
1153 3964 1222 4028 und
1245 3963 1350 4028 Schol.
1374 3965 1467 4029 celo

341 4087 437 4131 τατον
461 4067 574 4139 haben,
599 4087 634 4130 so
659 4067 702 4130 ist
725 4068 777 4131 die
800 4069 896 4150 Vulg.
921 4068 1092 4132 sicherlich
1117 4069 1296 4151 unriclrtig3
1325 4067 1406 4131 auch
1428 4067 1467 4128 ist

342 4169 395 4234 die
415 4172 563 4232 Antwcrt
582 4169 648 4246 ὁτιὴ
672 4170 816 4235 κάκιετόν
833 4173 892 4234 een
912 4170 1081 4254 unsdglich
1097 4171 1244 4254 einlliltig
1258 4168 1466 4254 (Biichelerl.”

343 4272 544 4355 Quapropter
566 4273 629 4335 viri
653 4272 740 4336 docti
764 4274 869 4337 ranas
894 4275 1099 4338 coniecturas
1122 4281 1364 4357 proposuerunt,
1392 4291 1466 4355 quas

341 4378 375 4439 in
400 4376 567 4458 Blaydesii
589 4376 695 4440 adnot.
715 4383 883 4461 congestas
908 4378 1063 4442 invenies.
1081 4379 1280 4459 Quamquam
1298 4397 1414 4456 vereor,
1436 4381 1468 4437 ut
