3176 5222
196 504 247 559 Die
266 504 469 572 παρακλητικοί
487 506 518 560 in
538 505 589 561 der
607 506 803 576 griechischen
821 523 848 562 u.
862 512 931 585 τόιιι.
945 509 1091 564 Literatur.
1166 505 1209 566 85

69 675 102 738 Τ.
120 675 272 759 Manlius,
295 677 338 742 M.
354 677 520 761 Valerius,
544 683 701 760 quantum
726 679 881 744 Gallicam
913 678 1035 744 rabiem
1064 680 1210 746 vinceret

69 779 222 844 Romana
250 781 365 863 virtus,
401 779 589 846 docueruut„
619 781 685 845 ianr
715 781 757 845 M.
780 781 923 847 Manlius
959 801 1044 846 unus
1079 784 1208 866 agmine

69 882 262 947 scandentis
277 885 313 947 in
324 883 517 968 Capitolium
534 883 671 948 detrusit
688 883 851 948 Gallos—
864 885 960 948 Auch
970 884 1098 968 Ρτοίιορ
1117 886 1210 950 weist

69 987 130 1049 auf
162 986 215 1051 die
247 993 440 1071 uugcstiima
472 989 541 1052 und
572 987 704 1052 deshalb
736 989 882 1053 nutzlosc
915 988 1120 1072 Kamptesart
1150 988 1209 1054 dor

71 1088 245 1153 Vandaleu
266 1089 338 1153 hin:
358 1090 748 1173 B.v.11,11,34...1o
769 1093 934 1174 προπετές,
955 1093 974 1156 δ
996 1092 1048 1155 διά
1072 1092 1109 1156 τὸ
1130 1091 1209 1170 πρό·

68 1211 169 1270 τερον
186 1191 373 1272 εὐημερῆςαι
389 1194 420 1259 οἱ
435 1196 579 1273 πολέμιοι
594 1196 766 1277 κέκτηνται,
783 1196 852 1273 ὑμῖν
869 1198 1121 1274 ξυναγωνιεῑςθαι
1136 1200 1208 1274 ξυμ-

69 1298 206 1373 βήςεται.
220 1297 322 1374 τόλμα
334 1297 441 1380 γάρτί]
458 1301 516 1376 μὲν
530 1299 660 1376 δυνάμει
672 1300 924 1377 ξυμμετρουμὲνη
936 1299 1017 1378 τάχα
1028 1321 1057 1363 τι
1072 1299 1208 1363 καὶτοὺς

68 1397 152 1480 αὐτῇ
171 1399 355 1477 χρωμένου(
371 1398 483 1482 όνήςει,
499 1401 712 1480 ὑπεραίροντα
728 1405 764 1466 δὲ
779 1402 896 1480 ταύτην
912 1401 944 1466 ἐς
961 1403 1109 1466 κίνδυνον
1125 1400 1207 1477 ἄγεν

68 1498 117 1562 ὧν
138 1500 369 1578 ἐνθυμούμενοι
388 1501 521 1566 καὶτῶν
540 1505 701 1580 πολεμίων
721 1507 1003 1583 καταφρονοῦντες
1024 1506 1086 1567 κτλ.

165 1603 195 1666 3.
214 1601 288 1686 Eng
303 1623 344 1666 an
362 1602 425 1668 den
440 1605 574 1688 vorigan
583 1605 684 1670 τόπος
697 1605 834 1670 schlicsst
847 1606 917 1669 sich
930 1604 984 1669 dia
995 1603 1209 1690 Sohilderung

67 1704 224 1769 besserar
245 1705 463 1791 Bewaiinung
486 1707 533 1771 als
558 1707 917 1791 Ermuntarungsmotiv
940 1728 996 1772 an:

164 1807 318 1872 Camillus
346 1811 380 1872 in
406 1809 514 1892 J'enam
543 1810 775 1889 παρακλητικός
802 1810 855 1874 bei
883 1809 976 1874 Dion.
998 1811 1095 1876 Arch.
1116 1809 1207 1890 XIV,

68 1913 98 1991 9,
114 1912 175 1974 13:
194 1909 278 1974 ὅπλα
295 1914 456 1989 κρείττονα
472 1917 536 1976 τῶν
554 1917 753 1992 βαρβαρικῶν
773 1913 844 1991 ἡμῖν
868 1913 1086 1996 μεμηχάνηται,
1103 1917 1208 1994 θώρα-

68 2035 120 2078 κες
142 2015 196 2078 καὶ
219 2015 318 2094 κράνη
338 2015 387 2079 καὶ
411 2019 558 2094 κνημῖδες
577 2017 626 2080 καὶ
651 2017 789 2093 κραταιοὶ
809 2017 925 2098 θυρεοί,
949 2015 1006 2096 ὑφ’
1023 2015 1070 2080 ὧν
1089 2016 1151 2082 όλα
1168 2019 1207 2081 τὰ

68 2118 202 2194 ςώματα
222 2117 335 2196 ἔχομεν
360 2118 393 2181 ἐν
414 2122 550 2201 φυλακῇ,
575 2121 648 2198 ξίφη
670 2139 705 2183 τε
728 2117 908 2198 ἀμφίςτομα
931 2120 980 2184 καὶ
1004 2120 1070 2183 ἀντί
1093 2120 1208 2200 λόγχης

69 2221 190 2303 όῑςτός,
215 2219 358 2301 ἄφυκτον
378 2224 491 2301 βέλος·
509 2224 549 2285 τά
568 2226 624 2301 μὲν
643 2223 855 2304 ςκεπαςτήρια,
875 2221 926 2286 olo
944 2225 984 2300 μὴ
1005 2223 1123 2305 ῥᾳδίως
1140 2228 1207 2289 ταῖς

68 2327 209 2402 πληγαῖς
233 2323 335 2406 εἴκειν,
362 2325 400 2388 τὰ
424 2323 453 2388 δ’
470 2324 651 2407 ἀμυντήρια,
681 2327 724 2389 ιίις
749 2325 788 2388 δι’
805 2323 924 2403 άπάςης
953 2327 1102 2405 φὲρεςθαι
1128 2348 1207 2406 προ-

68 2429 178 2504 βολῆς.
202 2430 270 2491 τῶν
294 2429 328 2490 δὲ
353 2427 468 2504 γυμναί
491 2430 548 2506 μὲν
571 2427 602 2490 αἱ
625 2429 769 2508 κεφαλαί,
793 2429 895 2506 γυμνὰ
914 2431 1007 2492 δὲτὰ
1026 2430 1139 2508 ςτὲρνα
1157 2430 1207 2494 καί
1264 2471 1266 2476 -

67 2529 96 2591 αἱ
121 2529 268 2609 λαγόνες,
291 2530 402 2607 γυμνοὶ
426 2532 463 2592 δὲ
486 2531 578 2608 μηροὶ
602 2530 651 2592 καὶ
678 2530 768 2608 ςκὲλη
793 2531 880 2608 μέχρι
903 2535 1025 2613 ποδῶν,
1049 2531 1150 2609 ἔρυμά
1173 2552 1207 2596 τε

68 2629 169 2694 οὐδὲν
194 2631 302 2708 ἕτερον
328 2630 373 2695 ὅτι
398 2633 438 2709 μή
463 2632 589 2708 θυρεοί·
614 2630 786 2710 άμυντήρια
806 2635 841 2696 δὲ
861 2633 973 2712 λόγχαι
990 2633 1039 2696 καί
1058 2632 1205 2718 μάχαιρα,

66 2735 200 2797 κοπίδες
223 2733 417 2812 ὑπερμήκεις.
445 2734 504 2798 Βοί
527 2733 656 2818 Prokop
684 2733 769 2799 hobt'
783 2735 842 2800 der
870 2736 1029 2800 romische
1051 2735 1207 2800 Feldherr

67 2833 199 2899 Salomo
223 2834 275 2898 die
294 2835 552 2920 minderwertige
571 2837 787 2921 Bcwailnung
805 2837 862 2903 der
877 2838 1047 2903 Vandalon
1071 2840 1204 2903 hervor:

68 2937 102 3002 B.
119 2937 160 3002 V.
179 2938 222 3021 Π,
235 2941 285 3021 11,
300 2940 342 3002 26
366 2939 437 3004 ‘Dio
454 2939 589 3004 Mauren
610 2940 682 3004 sind
702 2942 993 3024 kriegsuntiichtig'
1011 2992 1017 3004 .
1035 2992 1042 3005 .
1060 2992 1066 3004 .
1090 2943 1204 3021 γυμνοί

66 3062 100 3106 τε
121 3043 188 3118 γάρ
213 3043 242 3106 οἱ
266 3044 403 3107 πλεῖςτοί
419 3043 470 3107 elci
494 3045 544 3107 καὶ
567 3045 673 3108 αὐτῶν
693 3043 759 3109 δςοι
779 3044 909 3108 ἀςπίδας
929 3045 1040 3126 ἔχουςι,
1058 3046 1204 3123 βραχείας

66 3165 98 3209 τε
113 3145 234 3209 ταύτας
250 3146 300 3209 καὶ
316 3146 374 3209 οὐκ
393 3147 429 3210 είι
447 3147 659 3225 πεποιημένας
679 3145 755 3210 οὐδὲ
771 3145 961 3211 ἀπωθεῑςθαι
979 3147 1018 3210 τὰ
1034 3147 1206 3224 προςιόντα

68 3248 251 3326 δυναμένας
278 3250 519 3328 προβέβληνται.
550 3249 600 3312 καί
628 3250 668 3312 τά
699 3249 758 3312 δύο
788 3252 888 3312 ταῦτα
916 3251 1047 3328 δοράτια
1075 3250 1205 3329 ἀπορρί-

68 3370 198 3432 ψαντες,
226 3351 265 3428 ἢν
289 3353 329 3429 μή
353 3371 380 3414 τι
403 3353 566 3432 δράςιυςιν,
591 3351 762 3429 αὐτόματοι
786 3353 818 3416 ἐς
843 3354 951 3432 φυγὴν
973 3353 1151 3431 τρέπονται.

159 3454 191 3516 4.
214 3453 280 3517 Das
308 3453 485 3518 ieindliohe
514 3453 603 3518 Hear
629 3455 718 3537 neigt
746 3473 806 3518 aur
827 3454 951 3536 Fluoht,
982 3455 1053 3518 weil
1081 3474 1115 3519 es
1145 3475 1203 3520 aus

69 3555 288 3639 heterogenon
305 3555 495 3621 Elementan
513 3563 821 3640 zusammengesetzt
839 3559 883 3620 ist
905 3558 971 3621 und
995 3577 1058 3620 nur
1076 3577 1203 3642 ungern

68 3657 141 3722 dam
169 3658 294 3722 Fiihrer
316 3659 403 3742 iolgt.

159 3760 335 3826 Phormion
352 3781 411 3826 νοτ
425 3762 532 3826 Rhion
547 3763 601 3828 bei
624 3763 722 3830 Thuo.
738 3765 780 3847 ΙΙ,
799 3767 851 3847 89,
868 3766 890 3828 4
913 3764 1152 3843 Λακεδαιμόνιοί
1169 3787 1204 3832 τε

68 3864 241 3941 ἡγούμενοι
252 3869 320 3930 τῶν
333 3865 507 3944 ξυμμάχων
520 3868 571 3929 διὰ
582 3869 639 3944 τήν
656 3869 811 3946 ςφετίραν
824 3868 923 3934 δόξαν
936 3866 1073 3932 ἄκοντας
1087 3869 1203 3947 προςά-

68 3985 158 4038 γουςι
172 3967 250 4030 τοὺς
264 3967 405 4030 πολλοὺς
422 3965 455 4030 ἐς
470 3968 526 4030 τόν
543 3970 701 4052 κίνδυνον,
726 3971 791 4034 ἐπεὶ
811 3969 868 4033 οὐκ
888 3969 928 4033 ἄν
946 3989 1024 4034 ποτε
1044 3968 1204 4048 ἐπεχείρη-

69 4086 125 4132 ςαν
149 4067 334 4147 ἡςςηθίντες
357 4070 444 4147 παρὰ
462 4072 548 4134 πολὺ
564 4071 654 4138 αὖθις
673 4077 853 4152 ναυμαχεῖν.
878 4071 1033 4155 Calgacus
1050 4071 1130 4136 iiber
1146 4072 1202 4136 das

70 4171 231 4235 rhmisoha
247 4171 335 4236 Heor
350 4171 402 4236 bei
416 4170 488 4236 Tac.
505 4173 614 4255 Agric.
629 4175 687 4238 32:
708 4193 804 4256 quam
823 4176 1023 4238 contractum
1039 4194 1081 4238 ax
1098 4174 1203 4238 divar-

71 4275 207 4338 sissimis
217 4277 368 4359 gentibus
379 4279 415 4341 ut
428 4277 589 4342 secundae
600 4297 654 4342 res
665 4283 782 4358 tenent,
792 4278 837 4340 ita
848 4276 999 4342 adversae
1014 4277 1201 4343 dissolvent:

71 4379 133 4441 nisi
156 4379 185 4442 si
206 4377 313 4442 Gallos
337 4385 369 4444 at
387 4379 562 4444 Gennanos
586 4383 618 4444 et
640 4380 751 4464 (pudet
770 4381 868 4464 dictu)
887 4380 1117 4445 Britannorum
1136 4381 1202 4465 ple—
