3184 5234
316 511 504 580 Quaestiones
524 511 640 567 criticae
659 510 689 565 in
707 509 904 581 Aristophanis
923 512 1041 568 fabulas.
1202 511 1243 573 15

126 707 187 746 vss.
333 682 432 748 S-V
958 685 987 750 R

133 787 201 850 944
225 785 403 865 ἀνέτρεφον
426 804 500 850 oum
523 785 587 850 MA
852 787 1103 874 ἀνέςτρεφονῇ

136 889 201 952 961
227 887 468 966 ἐκομπολάκουν
492 907 568 953 cum
586 888 651 954 MA
825 891 1121 979 έκομπαλάκουνῇ

133 992 202 1056 964
226 994 261 1056 δέ
286 1010 359 1056 oum
384 989 419 1054 M
442 993 515 1074 (om.
534 994 576 1074 A)
927 992 1019 1076 τελλ

134 1096 202 1159 965
225 1097 342 1160 τούτου
368 1097 423 1174 μὲν
448 1114 522 1160 cum
546 1094 612 1160 MA
705 1093 821 1159 τούτου
849 1096 915 1172 μενὶ
947 1116 972 1160 r.
1001 1097 1139 1165 editores
1166 1097 1244 1163 Din-

707 1195 847 1260 dorfium
886 1200 988 1264 secuti
1027 1211 1243 1269 servaverunt.

133 1302 202 1366 970
228 1302 313 1366 Κεῖος
339 1319 413 1365 eum
445 1300 531 1365 M¹A
559 1321 584 1364 r.
605 1299 650 1365 ef.
855 1303 925 1368 Κῑος
948 1323 1022 1368 cum
1046 1303 1098 1369 M*

224 1401 436 1468 Mitzschium
455 1404 495 1468 ad
514 1405 569 1469 Ra
586 1406 651 1470 540

133 1509 199 1571 987
227 1501 383 1585 ςκόροδον
408 1525 481 1570 oum
504 1507 570 1572 MA
890 1510 1062 1596 ςκόροντέτι

133 1615 200 1679 989
224 1617 304 1679 τέως
328 1613 358 1678 δ’
374 1633 447 1678 oum
470 1613 536 1678 MA
551 1615 651 1698 praef.
936 1615 1017 1677 τέως

111 1719 201 1783 1058
226 1717 434 1795 ἀνθρωπείως
457 1736 532 1782 eum
555 1717 621 1781 MA
855 1713 1102 1802 ἀνθρωπίωςῇ

111 1821 201 1885 1084
227 1821 289 1886 ὑπὸ
304 1823 515 1900 γραμματέων
530 1839 603 1886 eum
617 1819 652 1884 M
706 1817 981 1896 ὑπογραμματέων
1002 1837 1077 1882 cum
1101 1822 1128 1885 A
1152 1841 1177 1885 r.
1197 1821 1244 1887 (M

706 1917 919 1984 Fritzsehjum
944 1920 984 1984 ad
1007 1921 1037 1983 h.
1054 1940 1082 1981 v.

112 2029 201 2092 1180
226 2027 378 2092 ἀκουςτέα
402 2046 475 2092 cum
500 2025 562 2091 MA
861 2020 1090 2106 ἀκουκτὲονῒτ

111 2132 200 2194 1315
226 2130 368 2196 ἱςτότονα
392 2148 467 2194 eum
489 2128 554 2194 MA
705 2124 855 2190 ἱςτόπονα
885 2125 982 2208 praef.
1010 2145 1085 2190 cum
1112 2124 1244 2208 Καολὶο,

705 2226 877 2310 Meineki0‚
901 2227 1049 2312 Bergkio.
1084 2227 1130 2292 cf.
1150 2228 1245 2311 Blay-

705 2332 787 2396 desii
810 2331 1031 2396 commentarii
1054 2351 1083 2415 p.
1100 2332 1174 2396 468.

110 2439 198 2504 1427
225 2439 365 2517 ἀφελεῖν
390 2457 464 2503 eum
487 2439 553 2503 MA
890 2433 1063 2528 ὠφελεῑῇ

111 2543 198 2606 1437
226 2541 346 2620 Κινηςία
370 2561 445 2605 cum
469 2539 535 2605 MA
543 2539 592 2623 ††
909 2537 1030 2620 Κινηςίᾳ

112 2645 199 2708 1477
224 2645 269 2708 τίς
293 2643 322 2707 δ’
340 2661 415 2707 cum
438 2642 504 2707 MA
891 2641 935 2704 τίς
958 2637 1055 2723 praef.

599 2824 758 2886 Muhium:

179 2955 199 3016 3
225 2951 441 3036 ἀπέρατονῆ
460 2951 559 3016 Recte
574 2950 650 3015 ἀπέ-
787 2949 967 3028 ἀπέραντον
991 2965 1066 3010 cum
1090 2945 1154 3010 MA

225 3056 401 3132 ραντον·1ο
425 3074 454 3117 ν.
471 3057 545 3119 393.

159 3159 199 3220 71
226 3156 372 3223 Φελλέως
396 3176 470 3222 eum
494 3155 560 3220 MA
873 3153 1080 3238 Φυλλέωςῆ·

132 3259 198 3322 267
224 3264 430 3340 καταβρεχθῶ
455 3279 528 3325 eum
552 3260 583 3322 A
775 3260 966 3335 καταβραχῶ
990 3275 1063 3320 cum
1088 3253 1179 3339 M††

132 3362 199 3426 278
224 3364 398 3442 βαρυηχέος
707 3360 885 3440 βαρυαχέος
926 3378 1000 3423 cum
1038 3359 1104 3422 MA
1145 3359 1243 3443 praef.

707 3463 753 3528 ct
771 3464 927 3527 dorismos
942 3463 977 3525 in
994 3463 1083 3527 chon'
1102 3481 1163 3527 vss.
1178 3464 1242 3527 276

706 3565 869 3648 εὐάγητον,
894 3566 958 3628 252
976 3565 1157 3644 ἀρδομέναν
1177 3567 1241 3631 289

705 3669 871 3734 ἀθανάτας

134 3773 200 3838 286
224 3774 443 3854 μαρμαρέαιςιν
468 3771 578 3848 αὐγαῖς
706 3772 896 3850 μαρμαρέαις
940 3770 974 3835 ἐν
1017 3772 1126 3846 αὐγαῖς
1169 3794 1241 3838 cum

705 3873 772 3938 MA
789 3873 888 3958 praef.
913 3871 959 3936 cf.
976 3893 1005 3937 v.
1022 3876 1096 3956 310,
1112 3876 1168 3940 ubi
1182 3876 1242 3942 RV

705 3976 900 4060 plurimique
915 3982 989 4041 cett.
999 3977 1244 4043 codd.similiter

705 4081 1069 4159 παντοδαπαῑςένῶραις
1080 4081 1241 4165 praebent

137 4185 200 4247 335
225 4185 447 4261 ςτρεπταίγλαν
478 4202 551 4248 oum
575 4182 649 4265 MA,
838 4183 1112 4266 ςτρεπταίγλαςττι

224 4286 309 4369 quod
321 4285 461 4351 editores
470 4291 558 4352 recte
567 4307 650 4365 ςτρε-

224 4391 376 4464 πταιγλοῖν
400 4389 604 4472 scripserunt
