3084 5228
277 507 465 576 Quaestiones
484 506 600 563 criticae
619 505 649 560 in
667 505 866 575 Aristophanis
885 505 1004 561 tabulas.
1137 495 1201 563 109

157 678 213 742 Ec.
232 679 316 743 1017
343 681 384 758 μή
409 681 534 743 εποδεῑν
554 678 652 756 αὐτὴν
672 681 744 757 πρὶν
764 677 804 743 ἂν
822 679 880 755 τήν
898 681 1001 755 γραῦν
1019 679 1204 762 προκρούεῃ

68 786 199 861 πρῶτον
221 783 316 862 (omn.
337 781 445 860 codd.;
466 780 523 844 sed
543 781 635 844 initio
654 801 682 844 ν.
701 781 789 844 1018
808 799 866 863 pro
885 782 1009 860 ταύτην,
1030 780 1116 862 quod
1131 780 1206 845 Vel-

69 905 167 950 scnus
186 884 323 967 scripsit
347 903 431 947 ornn.
449 883 539 948 codd.
555 884 715 962 πρότερον
736 883 904 967 praebent)
925 886 1039 966 (negot
1057 903 1082 948 c.
1100 884 1204 962 coni).

161 987 285 1065 Quibus
309 1007 351 1050 ex
375 987 478 1050 tribus
498 987 579 1051 locis
601 987 679 1052 th.
698 1005 762 1052 vss.
780 988 855 1068 383,
875 987 940 1049 384
959 986 1100 1069 suspecti
1120 988 1205 1049 sunt

69 1091 106 1154 In
132 1091 189 1173 Eq.
212 1091 276 1153 542
306 1109 382 1154 vero
406 1089 487 1153 illud
510 1094 621 1168 πρῶτα
645 1089 829 1172 oppositum
853 1093 903 1153 est
927 1089 998 1154 voci
1021 1087 1087 1171 κᾷτ’
1111 1089 1205 1152 initio

70 1214 96 1255 ι.
114 1195 190 1256 543.
224 1191 271 1256 cf.
291 1191 413 1255 similos
441 1192 530 1256 locos
560 1191 616 1274 qu.
633 1193 695 1254 155
725 1193 865 1256 κατάθου
889 1195 1002 1268 πρῶτα
1026 1229 1069 1238 -
1093 1191 1205 1273 ἔπειτα,

71 1300 129 1360 Ar.
148 1297 213 1359 550
231 1299 343 1373 πρῶτα
362 1297 499 1360 διδάεκιυ
520 1331 564 1342 -
583 1295 721 1377 κᾶπειτα,
741 1295 796 1359 Ec.
815 1297 877 1358 597
898 1297 956 1372 τὴν
971 1298 1032 1372 γῆν
1047 1298 1206 1372 πρώτιετα

70 1403 190 1477 ποιήευι
209 1401 318 1476 κοινὴν
336 1435 381 1446 -
400 1394 460 1480 εἶτ’,
481 1398 536 1462 ubi
556 1399 714 1482 particule
733 1402 790 1476 μὲν
810 1399 907 1479 deest,
927 1417 1010 1480 quae
1028 1403 1102 1480 post
1120 1403 1207 1476 πρῶ-

71 1503 202 1582 rod-ro)
220 1501 295 1564 addi
314 1501 403 1565 solet
427 1501 465 1564 In
481 1501 537 1566 Ec.
552 1501 636 1565 1017
655 1501 796 1583 denique
811 1499 1052 1565 Herwerdenus
1068 1500 1102 1562 in
1113 1499 1206 1564 Anni

72 1609 140 1669 crit.
155 1625 186 1689 p.
204 1607 246 1667 54
270 1623 328 1688 pro
350 1609 482 1682 πρῶτον
503 1604 698 1667 vocabulum
718 1604 880 1681 πρότερον
899 1623 941 1667 ex
960 1603 1052 1666 initio
1073 1623 1101 1665 ν.
1119 1603 1206 1666 1018

71 1711 232 1789 πρότερον
259 1709 459 1788 προκρούειν,
483 1707 553 1772 ἀλλ’
570 1710 702 1790 ἐπιθυμῇ
725 1713 781 1786 τῆ(
805 1709 888 1790 vinc,
918 1726 1014 1789 quern
1037 1726 1093 1789 pro
1118 1705 1208 1768 edui-

73 1813 177 1876 terino
203 1810 305 1893 habet
332 1813 411 1892 iure,
436 1812 557 1894 opinor,
581 1811 731 1893 reposuit.
766 1812 874 1892 Atque
897 1810 1038 1893 perstitit
1061 1809 1111 1871 vir
1128 1808 1208 1873 'doc'-

72 1917 217 1978 tissimus
237 1915 271 1976 in
291 1915 450 1978 sententie
469 1933 528 1978 suo
545 1915 731 1997 nuperrime
748 1913 781 1975 in
795 1913 891 1976 Vind.
908 1916 964 1977 Ar.
980 1934 1009 1996 p.
1024 1913 1097 1976 121.
1124 1912 1207 1990 Πρὶν

73 2023 180 2082 autern
209 2017 368 2100 particula
396 2017 595 2100 respondens
623 2016 775 2080 adverbio
803 2017 964 2095 πρότερον
992 2016 1077 2099 opud
1105 2015 1209 2079 Hero-

74 2122 185 2184 dotum
205 2120 353 2202 primurn,
373 2120 460 2201 quod
479 2120 610 2202 quidem
630 2119 739 2199 sciam,
759 2122 929 2202 comparet
953 2117 1054 2182 Cuius
1073 2120 1106 2181 in
1126 2117 1208 2180 libro

73 2224 140 2288 182
150 2224 271 2306 legitur
281 2225 321 2300 μή
331 2222 631 2301 πρότερονθρὲψειν
641 2223 878 2300 κόμην-πρὶν
888 2223 1012 2300 euocat
1022 2222 1209 2286 ἀναεώεων-

73 2348 129 2390 ται.
167 2325 298 2388 Videsis
328 2325 424 2388 etiam
455 2325 517 2388 alia
548 2324 697 2407 exempla
727 2325 761 2387 in
792 2323 1070 2406 Schweighdusori
1101 2323 1209 2386 lexico

75 2425 259 2489 Herodoteo
290 2441 314 2486 s,
338 2444 366 2485 v.
395 2423 562 2501 πρότερον.
598 2423 650 2486 Ad
679 2423 806 2487 Atticos
837 2426 944 2486 autem
974 2421 1014 2485 eb
1044 2420 1209 2486 Herodoto

75 2527 226 2591 translate
259 2531 309 2591 est
341 2527 420 2591 heco
449 2527 644 2591 coniunctio
684 2526 783 2590 Velut
813 2527 996 2589 invenimus
1025 2526 1057 2588 in
1086 2525 1209 2588 Platon.

76 2631 170 2714 Soph.
192 2631 287 2693 esra
314 2633 412 2695 τοῦτο
442 2630 603 2708 πρότερον
631 2630 804 2704 ἀναγκαῖον
833 2631 1032 2708 διαμάχεεθαι
1059 2631 1132 2707 πρὶν
1161 2627 1210 2692 ἐπ’

76 2735 174 2797 αι’πὸν
198 2733 322 2798 ἐκεῖνον
347 2733 525 2812 ἀφικὲεθαι;
556 2731 670 2796 Pheed.
694 2733 786 2795 1040
809 2732 969 2809 πρότερον
992 2769 1037 2780 -
1059 2733 1211 2795 πείεεεθαι

77 2839 149 2914 πρὶν
177 2837 350 2914 ὑπομεῖναι,
377 2835 511 2898 Phaedr.
532 2835 635 2915 2775,
655 2855 689 2910 c;
718 2835 812 2917 Resp.
831 2834 880 2896 III
904 2835 969 2897 402
981 2833 1010 2916 5,
1035 2833 1210 2912 714875,

78 2938 216 3020 Euthyd.
238 2939 349 3015 295ο;
376 2938 442 3002 Ιοιι.
463 2937 575 3018 5345;
600 2939 695 3021 Soph.
716 2938 797 3002 Phil.
817 2939 877 3001 197
901 2941 962 3002 τοῦ
986 2940 1027 3016 μή
1050 2937 1210 3016 πρότερον

80 3081 123 3089 -
152 3047 245 3106 τεῖναι
277 3043 316 3106 τὰ
348 3046 432 3105 θεῶν
466 3041 610 3121 ἀμάχητα
641 3043 729 3122 βέλη,
761 3043 835 3119 πρὶν
866 3039 916 3104 du‘
944 3042 1046 3118 ἐξήκοι
1076 3039 1210 3119 χρόνοις

78 3144 221 3226 Thucyd.
241 3144 274 3206 II
299 3145 350 3218 65,
375 3147 394 3208 3
424 3144 463 3208 οὐ
491 3145 596 3222 μέντοι
620 3144 783 3221 πρότερόν
805 3165 842 3218 γε
865 3145 895 3207 οἱ
918 3143 1093 3220 ξύμπαντες
1118 3140 1213 3204 ἐπαύ-

80 3267 174 3311 (ανιο
193 3284 235 3294 -
254 3249 327 3324 πρὶν
346 3246 536 3325 ἐζημίωεαν,
556 3245 585 3309 V
604 3247 654 3327 10,
675 3248 712 3323 9;
733 3245 815 3308 VIII
835 3248 887 3323 45,
912 3247 946 3323 1;
972 3244 1120 3326 Xenoph.
1137 3243 1210 3324 Cyr.

81 3350 110 3410 7
130 3351 158 3429 2,
177 3351 196 3411 9
220 3350 451 3426 ἀποθνήεκουει
469 3350 638 3428 πρότερον,
661 3351 734 3426 πρὶν
753 3352 844 3425 δῆλοι
864 3350 1017 3422 γίγνεεθαι
1036 3345 1096 3410 οἶοι
1116 3346 1211 3426 ἧκαν,

80 3454 156 3534 Lys.
176 3454 222 3516 III
247 3455 265 3516 7
292 3453 331 3516 οὐ
354 3455 515 3530 πρότερον
538 3455 686 3531 ἠθέληκεν
711 3453 866 3532 ἀπελθεῖν,
894 3453 967 3528 πρὶν
990 3486 1034 3498 -
1057 3450 1212 3526 ἐξήλαεαν

82 3557 149 3638 βίᾳ,
178 3555 256 3618 XVI
279 3557 317 3633 43
346 3555 447 3618 XXII
472 3558 509 3633 43
539 3555 640 3618 XXX
664 3558 701 3634 33
729 3553 820 3618 Dem.
844 3554 943 3617 XVII
968 3555 1009 3616 20
1034 3553 1213 3630 εκευωρού-

83 3679 171 3736 μενοι
195 3661 265 3735 περὶ
289 3657 368 3722 αὐτὰ
392 3657 431 3721 οὐ
454 3659 614 3737 πρότερον
638 3659 777 3738 ἀφεῑεαν,
806 3660 878 3736 πρὶν
903 3658 986 3735 ὑμεῖς
1009 3657 1212 3736 ἐψηφίεαεθε,

83 3761 182 3824 XXII
208 3764 258 3840 15,
287 3761 396 3824 multis
424 3761 496 3824 eliis
525 3761 613 3824 locis
649 3760 738 3836 Quae
768 3779 842 3824 cum
866 3761 911 3822 ita
933 3759 1006 3834 sint,
1034 3757 1121 3822 haud
1145 3757 1213 3822 scio

83 3885 126 3927 an
149 3871 255 3928 nostro
279 3863 351 3927 1οοο
370 3863 488 3928 Suidae
512 3865 671 3943 πρότερον
695 3863 863 3928 exhibenti
887 3863 970 3927 fides
995 3861 1141 3926 habenda
1163 3862 1213 3942 sit

85 3968 269 4050 praesertim
289 3969 384 4031 cuius
402 3987 551 4050 magnam
576 3985 646 4031 esse
666 3969 888 4031 auctoritatem
907 3968 940 4029 in
959 3967 1014 4030 Th.
1033 3965 1142 4028 fabulo
1160 3984 1214 4047 up-

86 4073 199 4154 pereet
236 4072 340 4154 Saepe
364 4077 473 4134 autem
491 4073 651 4149 πρότερον
676 4077 707 4133 et
725 4075 855 4147 πρῶτον
876 4071 969 4133 etiam
994 4069 1028 4131 in
1048 4066 1214 4132 codicibus

86 4175 308 4258 Aristophanis
325 4175 409 4238 inter
423 4193 458 4238 se
476 4174 665 4238 commutari
683 4177 742 4237 Ar.
756 4175 797 4236 75
814 4173 973 4250 πρότερον
985 4173 1022 4252 R,
1038 4175 1167 4249 πρῶτον
1174 4169 1213 4252 7,

88 4275 148 4339 Nb.
167 4278 226 4340 507
252 4278 413 4355 πρότερον
436 4277 539 4358 ΗΜΛ,
567 4281 697 4355 πρῶτον
713 4277 752 4357 7,
780 4275 834 4339 Ρο.
853 4277 939 4339 1074
962 4276 1123 4352 πρότερον
1145 4269 1214 4355 RV,

88 4382 213 4454 πρῶτον
238 4379 320 4460 Ald,
335 4378 396 4461 Vp.
414 4381 455 4441 55
479 4383 609 4456 πρῶτον
633 4378 701 4460 RV,
725 4379 883 4457 πρότερον
908 4377 961 4441 ΟΡ
984 4375 1146 4440 doeemur.
