3184 5234
360 492 401 556 26
788 501 903 558 Victor
922 500 1064 572 (toulon,

358 673 563 756 participium
586 673 674 738 οὔςιν
698 672 822 738 illatum
845 678 901 738 est
923 672 1038 758 Neque
1053 673 1227 757 Blaydcsio
1242 676 1406 758 assentior,
1433 676 1490 758 qui

357 776 562 861 participium
584 775 682 854 οὔςης
697 777 838 841 retinere
853 776 924 840 vult
946 779 1135 860 pronomine
1158 777 1255 843 αὐτὸν
1280 778 1397 857 eiecto3
1423 799 1488 860 quo

358 897 467 944 carere
491 880 621 943 omnino
644 899 709 943 non
733 899 913 962 possumus,
937 879 1065 945 Similes
1085 884 1193 944 autem
1207 881 1420 944 inveniuntur
1443 881 1489 946 lo·

358 984 513 1065 cutiones,
540 983 717 1066 inquibus
745 982 839 1062 οὔςης
862 983 914 1047 vel
943 981 1037 1048 ὄντος
1060 981 1318 1047 subaudiendum
1342 988 1406 1061 cst3
1433 1004 1490 1048 no·

357 1085 498 1150 tissimae
520 1085 594 1150 illae
617 1088 694 1149 sunt
716 1090 881 1168 χειμῶνος,
908 1088 1030 1170 θέρους,
1058 1086 1198 1170 ὀπώρας,
1222 1085 1353 1170 ὄρθρου,
1378 1089 1490 1170 badar,

356 1189 481 1270 ἡμέρας,
505 1188 645 1272 ἑςπέρας,
668 1190 815 1270 κνέφους,
839 1189 979 1272 ςκότους,
1002 1189 1091 1256 aliae.

445 1291 484 1356 In
508 1311 536 1354 v.
553 1292 618 1354 432
644 1291 678 1356 ἐν
702 1298 747 1376 τῷ
772 1293 863 1375 δήμῳ
887 1292 1016 1371 γνώμας
1039 1289 1142 1358 οὐδεὶς
1164 1293 1277 1370 νικήςει
1296 1293 1446 1358 πλείονας
1469 1294 1489 1372 ἢ

357 1393 392 1458 ςά
411 1393 441 1458 R
464 1392 594 1478 praebet
617 1397 746 1471 γνώμας
762 1395 896 1472 μεγάλας
914 1394 1018 1460 οὐδεὶς
1037 1395 1150 1472 νικήςει
1168 1395 1301 1472 πλέονῆ
1320 1393 1363 1476 cd,
1387 1393 1488 1460 8-V

336 1517 337 1522 ¹
356 1497 483 1574 γνώμας
499 1496 602 1561 οὐδεὶς
616 1498 729 1576 νικήςει
744 1497 892 1561 πλείονας
910 1496 985 1576 licat.
1010 1495 1103 1575 Quod
1116 1496 1306 1579 Menenius,
1319 1497 1490 1581 Berglu'us,

355 1598 546 1682 Blaydesius
564 1598 737 1664 lectionem
755 1598 853 1664 8-V
872 1599 1011 1684 amplexi
1035 1605 1119 1682 sunt,
1144 1619 1219 1664 cum
1237 1598 1360 1663 Koctio
1384 1599 1423 1664 ab
1448 1602 1490 1665 iis

355 1701 518 1766 dissentio.
554 1701 669 1785 Neque
698 1703 785 1767 enim
812 1701 1007 1767 adiectivum
1039 1704 1174 1780 μεγάλας
1202 1707 1321 1767 temere
1346 1722 1364 1768 e
1389 1723 1490 1768 versu

355 1806 537 1870 eiciendum
554 1811 610 1888 cst,
635 1825 708 1870 cum
731 1807 766 1869 in
782 1825 811 1868 v.
828 1807 893 1869 433
911 1805 1110 1889 Strepsiadee
1126 1805 1212 1870 dicat
1227 1808 1266 1885 μή
1284 1808 1371 1884 μοίγε
1385 1807 1490 1882 λέγειν

353 1913 483 1988 γνώμας
512 1911 653 1986 μεγάλας.
690 1907 818 1993 Optimo
847 1909 919 1974 iure
948 1908 1094 1974 Koskius
1125 1911 1159 1973 in
1191 1915 1344 1994 apparatu
1374 1912 1489 1975 critico

353 2013 493 2074 monuit:
525 2011 682 2090 ’μεγάλας
712 2013 755 2074 ist
777 2031 890 2094 wegen
914 2013 979 2076 433
1008 2011 1180 2094 J'edenfalls
1210 2011 1488 2078 beiaubehalten”.
1581 2085 1582 2094 μ

354 2112 425 2189 Quo
453 2112 610 2179 adiectivo
634 2134 654 2177 a
675 2114 813 2179 librariis
840 2119 971 2198 propter
997 2117 1135 2193 μεγάλας
1162 2115 1197 2178 in
1225 2134 1253 2178 v.
1273 2117 1338 2179 433
1367 2116 1487 2180 omisso

354 2219 440 2280 totus
466 2216 558 2280 locus
584 2216 770 2282 foedissime
797 2217 1008 2300 interpolatus
1037 2219 1093 2282 est
1129 2215 1218 2295 Quae
1242 2237 1317 2282 cum
1345 2219 1390 2282 ita
1412 2219 1488 2301 sint,

354 2319 460 2384 critici
482 2337 612 2384 versum
636 2320 830 2385 coniecturis
846 2339 960 2384 sanare
976 2319 1177 2385 studuerunt
1209 2320 1306 2385 Velut
1321 2320 1488 2384 Porsenna

353 2423 481 2500 γνώμας
505 2423 642 2499 μεγάλας
665 2423 777 2500 νικήςει
799 2425 949 2488 πλείονας
972 2422 1077 2488 οὐδείς
1099 2425 1266 2507 proposuit
1284 2423 1391 2488 verbis
1410 2426 1429 2502 ἢ
1450 2425 1486 2488 εὐ

353 2529 515 2606 tamquam
538 2523 729 2607 glossemate
752 2524 875 2590 deletis.
906 2525 968 2590 Sed
993 2545 1068 2589 cum
1089 2526 1125 2589 in
1148 2523 1176 2589 R
1200 2525 1320 2590 Aldina
1342 2526 1487 2591 editione

354 2627 579 2711 comprobante
603 2628 744 2710 genuina
766 2627 862 2693 lectio
886 2632 1014 2706 γνώμας
1037 2629 1175 2706 μεγάλας
1198 2635 1326 2694 servata
1348 2630 1399 2710 sit,
1423 2629 1487 2695 aR

351 2730 623 2813 proficiscendum
647 2731 726 2794 mihi
749 2731 883 2796 videtur.
907 2731 1020 2813 Itaque
1038 2731 1163 2796 Koclrio
1187 2731 1342 2816 plaudere
1366 2732 1485 2816 malim,

353 2833 409 2914 qui
424 2831 504 2896 illud
520 2834 617 2898 πλέον
632 2833 666 2896 in
683 2832 787 2899 adnot
804 2834 845 2897 ad
865 2834 895 2897 h.
912 2854 940 2898 v.
957 2834 1126 2899 defensum
1142 2835 1277 2899 retinuit
1293 2839 1326 2900 et
1340 2836 1484 2917 genitivo

352 2939 418 3016 ςοῦ,
436 2937 493 3017 qui
508 2935 698 3019 glossemate
714 2939 733 3016 ἢ
749 2936 785 3000 ςὺ
801 2937 956 3021 expulsus
973 2943 1029 3020 est,
1045 2937 1080 3000 in
1096 2941 1221 3001 textum
1237 2937 1339 3021 posito
1352 2956 1483 3001 versum

351 3038 399 3102 sic
410 3039 553 3122 scripsit:
572 3039 606 3103 έν
618 3044 664 3122 τῷ
675 3041 765 3121 δήμῳ
778 3043 907 3118 γνώμας
921 3041 1054 3119 μεγάλας
1066 3041 1177 3118 νικήςει
1190 3043 1246 3105 ςοῡ
1259 3040 1358 3104 πλέον
1371 3039 1483 3104 οὐδείς.
1582 3027 1583 3094 ἷ

440 3141 480 3204 In
504 3161 532 3205 ν.
550 3143 608 3205 51]
634 3142 732 3206 3-2
748 3144 841 3207 ἕνεκα
864 3142 1027 3225 exhibent,
1050 3143 1079 3208 R
1102 3144 1215 3207 εἵνεκα.
1238 3141 1312 3206 Ηοο
1335 3141 1406 3206 loco
1430 3162 1484 3206 οο-

351 3245 479 3308 casione
503 3244 607 3308 oblata
631 3263 791 3329 exponere
815 3245 919 3327 liceat,
949 3245 1067 3328 quibus
1094 3244 1206 3309 formis
1231 3245 1326 3308 huius
1349 3265 1484 3328 praepo-

350 3347 475 3410 sitionis
498 3347 731 3431 Aristophanes
758 3367 838 3411 usus
868 3368 939 3413 esse
966 3349 1123 3413 videatur.
1157 3347 1197 3412 In
1225 3347 1393 3412 codicibus
1421 3348 1481 3412 hae

350 3451 440 3514 vocis
463 3450 584 3514 formae
607 3451 833 3514 inveniuntur:
858 3453 950 3516 ἕνεκα
973 3451 1073 3534 (ἕνεκ’,
1094 3450 1197 3532 ἕνεχ’),
1221 3449 1338 3515 οὕνεκα
1354 3447 1481 3532 (οὕνεκ’,

350 3551 476 3633 οώνεχ’),
489 3554 595 3617 εἵνεκα
606 3555 710 3636 (εἵνεκ,
723 3554 839 3637 εἵνεχ’),
853 3555 967 3620 ἕνεκεν.
986 3554 1054 3619 Iam
1067 3554 1155 3619 locos
1168 3554 1349 3635 atteramus,
1363 3555 1482 3636 quibus

349 3653 433 3720 Ret
448 3655 478 3717 V
494 3661 550 3719 aut
572 3655 604 3738 ii,
629 3657 685 3739 qui
708 3676 765 3740 pro
781 3657 810 3719 V
827 3657 1001 3722 adhibendi
1025 3663 1102 3721 sunt
1124 3657 1252 3722 codices
1275 3657 1309 3720 in
1324 3656 1407 3721 Ach.
1426 3655 1479 3720 Εο.

348 3757 399 3821 Ls.
423 3756 549 3836 fabulis
573 3758 657 3824 hanc
680 3760 948 3843 praepositionem
971 3759 1140 3844 praebent:

407 3885 464 3922 vss.
871 3862 930 3927 RV

347 3964 408 4028 Αν.
460 3965 503 4028 84
526 3965 609 4028 trim.
625 3964 720 4028 iamb.
843 3966 937 4031 εἵνεκ’
1130 3966 1273 4030 numeris
1288 3984 1354 4029 non
1369 3963 1478 4028 inritis

438 4067 502 4130 293
527 4070 598 4131 tetr.
615 4066 714 4131 troch.
843 4067 961 4133 οὕνεκα

439 4171 501 4232 517
528 4171 597 4234 tetr.
614 4189 704 4253 anap.
844 4170 961 4236 οὔνεκα

438 4273 502 4335 855
527 4291 608 4336 vers.
627 4272 775 4356 strophae
789 4272 998 4338 iamb.-trech.
1016 4273 1108 4338 ἕνεκα
1196 4323 1212 4354 „
1312 4322 1329 4354 „
1416 4322 1433 4354 „

417 4376 502 4439 1274
526 4376 608 4440 trim.
625 4375 718 4440 iamb.
844 4375 961 4442 οὕνεκα
