3176 5222
217 525 267 580 Die
287 523 490 591 παρακλητικοί
508 523 539 578 in
557 523 607 578 der
625 523 819 593 griechischen
837 540 864 578 α.
883 526 953 577 rem.
966 523 1113 578 Literatur.
1186 515 1228 580 93

188 697 261 760 Wir
290 696 396 761 haben
425 697 460 759 in
488 696 552 761 den
578 695 856 760 Feldherrnreden
885 695 925 760 da
952 694 1016 760 den
1042 696 1142 760 τόπος
1171 693 1229 759 des

99 801 319 882 έκβηςὸμενον,
350 819 398 863 wo
424 799 481 862 das
507 798 666 862 herrliche
685 797 749 862 Los
774 797 832 863 der
857 797 1047 862 Gefallenen
1073 797 1151 862 oder
1176 797 1229 863 die

98 901 256 984 Freuden,
280 901 333 967 die
357 901 420 966 den
443 901 683 966 iiberlebenden
707 901 819 984 Sieger
842 907 1011 981 erwarten,
1034 900 1230 984 geschildert

99 1005 237 1070 ποιιίοα.
278 1003 449 1069 Lesbonax
472 1004 558 1068 stellt
585 1003 641 1067 das
665 1003 831 1068 Schicksal
858 1005 917 1069 der
937 1003 1058 1088 Feigen
1081 1003 1150 1068 und
1173 1004 1230 1068 das

97 1108 204 1173 Gliiok
222 1108 281 1173 der
297 1107 433 1191 Tapfern
452 1125 651 1171 zusammen:
672 1105 721 1170 III
745 1108 764 1189 ξ
779 1108 819 1170 18
832 1107 871 1171 K.
906 1108 940 1172 Εί
957 1111 1013 1187 μέν
1029 1109 1090 1172 οὖν
1106 1109 1142 1174 εύ
1161 1108 1230 1190 ᾔδει

97 1232 146 1276 τις
169 1211 214 1275 ὅτι
237 1212 332 1275 τόνδε
354 1211 413 1274 τὸν
440 1212 589 1275 κίνδυνον
613 1213 781 1289 διαφυγὼν
804 1210 872 1289 μεθ’
892 1211 1012 1289 ἡδονῆς
1034 1212 1092 1274 τὸν
1115 1213 1230 1277 ἐπίλοι-

96 1335 163 1379 πον
185 1316 305 1394 χρόνον
329 1315 505 1380 διατελέςας
529 1316 585 1378 ςὺν
607 1313 729 1396 εὐκλείᾳ
750 1315 932 1396 τελευτήςει,
958 1309 1040 1393 εἶχεν
1063 1315 1102 1378 ἀν
1126 1314 1229 1391 λόγον

96 1419 169 1482 τινὰ
184 1419 203 1496 ἡ
219 1418 324 1481 κακία·
343 1420 403 1481 νύν
420 1419 456 1480 δέ
467 1416 547 1494 <οί>
557 1417 673 1480 πολλοὶ
689 1416 739 1480 καί
754 1419 842 1480 κακοὶ
859 1416 1010 1482 δόξαντες
1028 1413 1105 1482 εἶναι
1121 1416 1229 1492 ὀλίγον

100 1521 223 1598 χρόνον
247 1522 388 1598 βιοῦντες
413 1521 464 1582 διὰ
487 1521 544 1596 τὴν
569 1517 733 1583 δύςκλειαν
758 1518 927 1596 ἀνιώμενοι
950 1522 1000 1583 καὶ
1028 1519 1131 1598 ἀτιμοι
1153 1519 1230 1598 παρ’

98 1622 232 1701 ἐντίμως
254 1621 344 1688 ὄντες
367 1629 472 1687 κακὼς
494 1624 553 1687 τὸν
576 1622 739 1686 ἐπίλοιπον
763 1623 832 1699 βίον
854 1623 1095 1699 τελευτήςαντες
1124 1623 1229 1701 ὀνείδη

96 1729 167 1790 τοῑς
183 1725 267 1788 παιςὶ
286 1725 535 1801 καταλείψουςιν.
559 1723 626 1788 ἐπεὶ
645 1727 681 1787 δέ
699 1726 885 1803 πεφύκαμεν
902 1724 960 1788 οὐκ
975 1724 1135 1808 ἀθάνατοι,
1159 1729 1230 1790 πῶς

98 1827 230 1891 κάλλιον
249 1825 458 1909 ἀποθνῄςκειν
477 1827 496 1903 ἢ
515 1825 594 1904 ύπὲρ
612 1824 660 1889 ιῙιν
679 1828 739 1905 χρὴ
755 1831 990 1905 τιμωροῦνταςς
1014 1830 1109 1892 ποίαν
1134 1827 1230 1906 ἀλλην

99 1931 216 2009 ἀρετήν
245 1929 441 2006 κτωμένους;
469 1932 563 1993 ποῖος
596 1929 695 2007 ἡδίων
724 1929 876 2008 θάνατος;
909 1931 990 1995 τίνες
1022 1931 1232 2011 εύκλεέςτεροι

98 2031 321 2096 ἀποθανόντες
343 2030 410 2108 ἢοί
433 2029 520 2095 οὕτω
536 2031 791 2110 τελευτήςαντεςς
817 2033 965 2110 δημοςίου
981 2034 1086 2112 τάφου
1107 2034 1231 2100 ἀξιοῦν·
1303 2025 1305 2028 ’

96 2157 158 2217 ται,
182 2137 278 2199 θυςίαι
302 2133 353 2198 ἐπὶ
375 2135 501 2198 τούτοις
523 2135 694 2216 γίγνονται,
719 2135 842 2209 ἀγῶνες
866 2134 914 2198 ἐπὶ
937 2138 1062 2200 τούτοις
1084 2138 1231 2215 τίθενται,

97 2239 170 2302 άντὶ
198 2239 317 2316 θνητοῦ
345 2239 492 2314 ςύιματος
521 2235 684 2301 ἀθάνατον
713 2239 835 2314 μνήμην
863 2240 1110 2316 καταλείψουςιν.
1142 2239 1172 2302 οί
1195 2243 1231 2304 δὲ

97 2342 226 2404 τούτων
264 2342 373 2404 παῖδες
412 2341 544 2422 δημοςίᾳ
578 2340 801 2420 έκτρέφονται,
835 2341 1002 2418 τιμώμενοι
1041 2345 1230 2408 πανοπλίαις

98 2443 291 2524 προεδρίαις,
317 2442 549 2521 θαυμαζόμενοι
574 2443 624 2505 καὶ
652 2443 687 2505 έν
711 2446 820 2520 χοροῖς
847 2445 896 2505 καὶ
919 2442 955 2507 ἐν
978 2446 1159 2522 γυμναςίοις
1183 2447 1233 2510 καὶ

97 2551 167 2610 ταῑε
190 2545 300 2609 ἄλλαις
323 2546 504 2610 ςυνουςίαις.
537 2549 600 2609 τοῑς
630 2549 667 2610 δέ
690 2546 725 2608 ἐκ
748 2548 845 2610 τούδε
868 2550 928 2610 τοῦ
951 2549 1102 2612 κινδύνου
1124 2551 1232 2613 ςωθεῑ-

98 2669 158 2731 ςιν,
189 2648 341 2728 άνδράςιν
373 2648 504 2723 ἀγαθοῖς
533 2649 733 2730 γενομένοις,
767 2649 935 2714 ἀκίνδυνος
963 2649 981 2713 δ
1010 2651 1119 2715 λοιπὸς
1151 2653 1232 2734 βίος,

100 2753 363 2832 μακαριζομένοις
388 2753 424 2816 ἐν
450 2752 562 2817 πάςαις
587 2753 797 2831 πανηγύρεςιν
821 2751 856 2815 ἐν
878 2753 989 2816 πάςαις
1014 2754 1168 2830 θεωρίαις.
1202 2753 1232 2818 οί

98 2857 188 2934 φίλοι
210 2857 336 2919 τούτοις
359 2855 447 2934 φίλοι
476 2855 557 2936 είςίν,
586 2854 616 2919 οἱ
643 2855 753 2933 ἐχθροὶ
776 2856 852 2920 τοὺς
876 2857 1046 2920 τοιούτους
1074 2855 1233 2934 ύπέρχον-

98 2978 158 3038 τω,
181 2961 245 3021 πᾶς
268 2957 349 3035 ἀνὴρ
367 2960 533 3023 ξενοῦςθαι
557 2957 710 3036 βούλεται.
751 2957 785 3020 ἐκ
807 2960 910 3022 τῶνδε
929 2959 978 3020 καὶ
997 2959 1132 3034 γαμετάς
1153 2979 1232 3038 προ-

99 3065 210 3140 θύμως
222 3061 261 3124 ἂν
274 3059 391 3138 εύροιο.
429 3060 516 3125 οὑτοι
527 3063 737 3140 γηράςκοντες
753 3061 1029 3138 εὐδαιμονίζονται.
1042 3099 1086 3108 -
1096 3060 1231 3144 Dionys.

98 3165 174 3229 Hal.
190 3165 287 3228 Aroh.
304 3163 360 3246 vl,
378 3165 406 3246 9,
426 3167 447 3226 4
473 3165 499 3249 ᾧ
521 3168 576 3243 μέν
598 3163 637 3228 άν
657 3185 684 3227 τι
704 3166 804 3228 καλὸν
828 3166 847 3242 ἢ
868 3168 1016 3239 γενναῖον
1036 3165 1071 3228 ἐν
1090 3170 1128 3246 τῇ
1152 3166 1232 3250 μάχη

98 3269 346 3350 διαπραξαμένῳ
364 3269 598 3345 μαρτυρήςωςιν
615 3267 645 3332 οί
660 3269 700 3332 τά
717 3267 794 3344 ἔργα
810 3267 995 3348 ςυνειδότες,
1021 3267 1076 3333 τάς
1095 3268 1122 3332 τ’
1136 3269 1233 3334 άλλας

100 3370 265 3434 ἀποδώςω
288 3373 482 3448 παραχρῆμα
504 3371 605 3450 τιμάς,
633 3370 671 3433 ἀς
700 3369 821 3433 ἐκτῶν
846 3371 989 3448 πατρίων
1013 3369 1150 3435 ἑκάςτοις
1172 3372 1233 3434 ἐθι-

99 3477 191 3551 ςμάιν
220 3473 355 3550 ὑπάρχει
382 3472 545 3552 φέρεςθαι,
581 3474 630 3536 καὶ
658 3476 716 3550 γῆς
750 3472 794 3535 ἔτι
830 3473 999 3550 προςθήςω
1033 3477 1166 3554 κλῆρον,
1196 3473 1233 3552 ἧς

100 3578 244 3653 κέκτηται
266 3575 305 3637 τὸ
335 3574 496 3655 δημάςιον,
524 3574 634 3638 ἱκανὸν
656 3579 781 3652 ποιῆςαι
810 3575 854 3640 ὡς
882 3575 1016 3654 μηδενὸς
1044 3580 1110 3640 τῶν
1138 3575 1234 3653 ἀναγ-

98 3678 202 3742 καίων
225 3680 385 3754 δεηθῆναι.
414 3677 440 3760 ᾧ
465 3679 502 3740 δὲ
522 3675 562 3741 ἀν
583 3677 601 3755 ἡ
622 3679 702 3755 κακη
723 3679 773 3742 καὶ
789 3680 966 3757 θεοβλαβὴς
986 3679 1110 3743 διάνοια
1126 3685 1232 3759 φυγῆς

98 3779 284 3858 ἀςχήμονος
313 3779 478 3858 ἐπιθυμίαν
507 3780 640 3862 ἐμβάλῃ,
670 3783 776 3863 τούτῳ
803 3782 861 3845 τὸν
893 3782 1098 3859 φευγόμενον
1128 3782 1232 3862 ἀγχοῦ

99 3883 293 3960 παραςτήςω
310 3880 466 3946 θάνατον·
490 3883 639 3959 κρείττων
654 3885 716 3960 γάρ
737 3881 777 3946 ἀν
799 3884 903 3965 ἑαυτῷ
919 3903 953 3946 τε
974 3885 1103 3948 καὶτοῖς
1125 3885 1231 3952 ἀλλοις

100 3987 229 4063 γένοιτο
250 3981 433 4048 ὸτοιούτος
452 3986 580 4062 πολίτης
598 3983 783 4049 ἀποθανών.
814 3987 864 4049 καὶ
879 3987 1031 4065 περιέσται
1047 3991 1112 4051 τοῖς
1129 3986 1232 4054 ούτως

100 4087 303 4150 ἀποθανοῡςι
325 4087 400 4164 μήτε
423 4091 528 4166 ταφῆς
550 4089 627 4164 μήτε
650 4092 716 4151 τῶν
740 4087 848 4152 ἀλλων
871 4089 1014 4167 νομίμων
1038 4094 1233 4173 μεταλαβεῖν,

99 4187 173 4254 ἀλλ’
186 4188 322 4271 ἀζήλοις,
338 4187 523 4254 ἀκλούςτοις
540 4189 593 4254 ὑπ’
604 4190 730 4255 οἰωνῶν
744 4211 778 4254 τε
794 4193 844 4255 καὶ
860 4193 979 4270 θηρίων
990 4195 1233 4272 διαφορηθῆναι.
