3078 5228
348 509 389 572 56
765 514 864 570 Josef
881 513 1054 582 Albertus,

349 707 454 772 gegen
476 687 619 770 gehbren
646 685 775 751 hierher
800 686 875 767 jene
898 684 1264 768 Ermehnungsgriinde‚
1288 685 1391 749 womit
1410 683 1458 747 der

345 789 500 855 Feldherr
523 789 574 854 die
595 788 745 854 Soldaten
769 809 808 853 an
829 787 882 853 die
900 786 1115 852 Heldentaten
1135 787 1194 852 der
1208 787 1384 850 Vorfehren
1400 785 1458 849 und

347 913 388 956 en
417 892 469 957 die
495 891 599 956 Grfisse
627 891 683 956 dee
702 889 912 956 Vaterlandes
941 892 1097 973 erinnert,
1126 889 1181 954 des
1208 910 1250 954 zu
1278 889 1383 974 siegen
1405 909 1458 952 τοπ

348 995 445 1059 alters
469 995 527 1060 her
549 995 701 1078 gewohnt
722 993 777 1059 sei.
817 993 894 1058 Fast
915 1013 997 1077 ganz
1018 995 1054 1057 in
1077 993 1198 1058 diesem
1222 992 1394 1058 Gedanken
1413 991 1459 1056 be-

346 1105 431 1182 wegt
446 1099 516 1164 sieh
528 1099 580 1162 die
591 1097 684 1162 Lesb.
697 1097 746 1162 ΠΙ
759 1098 778 1182 β
791 1100 810 1160 3
821 1097 843 1160 f.
855 1096 911 1162 K:
929 1098 1018 1176 ὑμῶν
1028 1096 1090 1174 γὰρ
1108 1097 1140 1161 οί
1155 1117 1190 1161 τε
1205 1099 1330 1161 παλαιοὶ
1344 1097 1461 1173 πατέρε(

348 1202 384 1266 ἐν
402 1205 468 1266 τοί(
481 1200 605 1281 ”Ελλη(ι
625 1204 702 1280 μέγα
721 1201 840 1278 ἀξίωμα
864 1201 977 1279 άρετῆ(
995 1195 1081 1279 εἶχον
1100 1201 1150 1263 καί
1169 1200 1269 1275 λόγον
1288 1199 1409 1272 ἀγαθάν

347 1306 518 1385 μαρτύριον
535 1307 572 1369 δέ
585 1307 703 1369 τοῦτου
720 1304 793 1383 ὑμῖν
810 1303 883 1382 ἐρῶ.
915 1302 944 1367 οἱ
963 1305 1021 1380 μέν
1036 1299 1128 1366 ἄλλοι
1143 1301 1413 1380 πάντετἘλληνε(
1435 1301 1461 1364 ἐκ

346 1413 403 1486 τῆ(
426 1408 579 1488 εφετὲρα(
602 1407 709 1472 αὐτῶν
733 1407 935 1486 μεταετάντε(
959 1407 1097 1471 οίκοῦειν
1116 1407 1245 1470 ἐκαετο(
1331 1404 1462 1469 καὶκατὰ

347 1513 404 1589 μέν
419 1511 456 1574 τὸ
473 1512 512 1588 μή
529 1510 713 1588 ἐξελαθῆναι
729 1509 875 1588 ἀνδρεία(
894 1510 1053 1589 (τέφανον
1064 1511 1122 1586 τὴν
1136 1510 1271 1587 πατρίδα
1291 1509 1383 1590 ἔχετε,
1398 1507 1462 1571 κατὰ

347 1617 384 1678 δέ
405 1614 442 1677 τὸ
466 1614 507 1692 μῆ
532 1611 668 1678 ἐξελάται
691 1613 885 1691 δικαιοοίνηε
905 1661 959 1676 ...
978 1617 1045 1677 τῶν
1065 1614 1101 1675 δέ
1118 1611 1203 1676 νέων
1222 1607 1306 1676 ἀλλά
1325 1631 1359 1676 τε
1376 1611 1462 1675 πολλὰ

347 1719 397 1780 καὶ
417 1716 463 1780 ὅτι
481 1721 526 1798 τῷ
547 1715 697 1799 βαρβάρῳ
717 1721 836 1798 (τρατῳ
855 1715 1121 1795 ὑποχωρήεαντε(
1143 1713 1178 1778 ἐκ
1192 1718 1248 1792 τῆ(
1263 1717 1411 1793 πατρίδα(
1424 1715 1462 1776 καί

347 1819 437 1884 αὐτοὶ
459 1821 508 1884 καί
529 1819 569 1881 τά
587 1819 690 1900 τέκνα,
715 1817 897 1896 ὁρμώμενοι
920 1819 955 1883 ἐκ
971 1822 1027 1896 τῆ(
1048 1819 1226 1895 Σαλαμῖνα(
1244 1818 1462 1897 ἠλευθερώεατε

346 1925 452 1986 πάεαν
466 1923 524 1999 τῆν
539 1921 674 1985 Ἐλλάδα
690 1971 696 1986 .
710 1971 737 1985 ,.
754 1923 773 2004 β
792 1922 833 1986 10
849 1923 898 1985 καί
914 1919 1107 1999 ἀναμνῆ(ετε
1121 1922 1243 1985 πάντα(
1261 1923 1340 1985 τοὺ(
1355 1921 1462 1997 ἀνθρώ·

347 2045 440 2107 πουε,
464 2024 510 2088 ὅτι
534 2023 619 2102 ὑμεῑ(
638 2023 768 2089 ἐκείνων
785 2028 852 2088 τῶν
871 2022 1002 2102 ἀνδρῶν
1020 2025 1088 2089 ἐετε
1110 2027 1227 2107 παίδεε,
1253 2025 1285 2089 οἵ
1301 2044 1380 2088 ποτε
1397 2023 1461 2087 άπο

349 2127 464 2208 βάντα(
475 2130 550 2191 τοὺ(
563 2127 743 2206 βαρβάρου(
755 2130 811 2205 τῆ(
823 2127 973 2206 ὑμετέρα(
985 2127 1028 2191 εί(
1039 2127 1225 2206 Μαραθῶνα
1237 2127 1383 2205 αὐτοβοεὶ
1394 2126 1462 2201 νική-

347 2249 455 2294 (αντε(
474 2231 598 2294 πολλὰ(
617 2230 770 2308 μυριάδα(
792 2230 976 2308 ἀνθρώπων
998 2228 1156 2309 ἐξέβαλον.
1187 2228 1302 2293 Dieses
1324 2227 1462 2311 ebrigens

347 2332 381 2395 in
414 2330 472 2395 der
504 2332 661 2396 attisehen
693 2331 859 2416 Epideixis
887 2334 964 2397 weit
990 2331 1182 2396 verbreitete
1210 2333 1391 2415 Argument
1417 2329 1463 2393 der

349 2433 587 2500 Autoehthonie
608 2433 666 2500 der
681 2435 827 2500 Athener
849 2435 992 2500 erinnen
1014 2434 1085 2500 hier
1107 2433 1224 2518 gerede
1247 2435 1335 2498 sterk
1355 2455 1394 2498 απ
1412 2433 1461 2497 den
1524 2451 1525 2460 ¹

347 2537 567 2622 Panegyn‘kos
591 2538 646 2602 des
667 2538 834 2603 Isokrates,
864 2537 923 2604 Bei
944 2538 1010 2602 ihm
1034 2539 1096 2602 wie
1120 2538 1171 2602 bei
1194 2536 1366 2602 Lesbonax
1388 2535 1462 2600 dient
1524 2557 1525 2568 ι

349 2660 383 2706 es
407 2642 495 2724 dazu,
519 2642 706 2707 athenisohe
728 2641 931 2725 Techtigkeit
953 2641 1019 2706 und
1044 2640 1169 2705 ererbte
1192 2639 1462 2724 Siegessieherheit

348 2745 399 2807 ins
415 2745 526 2809 reehte
542 2744 636 2809 Lieht
653 2763 693 2809 zu
712 2749 836 2810 setzen:
856 2744 955 2808 Isokr.
971 2744 1048 2808 Pan.
1062 2745 1105 2807 24
1120 2745 1238 2822 ταύτην
1253 2745 1315 2822 γὰρ
1328 2744 1461 2820 οἰκοῦμεν

349 2846 408 2927 οὐχ
428 2849 556 2926 ἐτέρου(
575 2848 760 2928 ἐκβαλόντε(
781 2847 851 2912 οὐδ’
868 2849 988 2926 ἐρήμην
1011 2847 1242 2927 καταβαλόντε(
1261 2847 1333 2912 οὐδ’
1350 2847 1384 2912 ἐκ
1399 2847 1461 2910 πολ-

349 2953 416 3013 λιίιν
437 2949 541 3014 ἐθνῶν
565 2949 691 3028 μιγάδε(
714 2951 919 3032 (υλλεγέντεε,
943 2949 1013 3015 ἀλλ’
1032 2949 1119 3014 οὕτω
1144 2954 1251 3014 καλῶ(
1273 2951 1324 3013 καὶ
1346 2951 1461 3028 γνηάω(
1523 2979 1524 3006 ;

346 3051 536 3134 γεγόναμεν,
574 3051 646 3117 ὥ(τ’
672 3054 704 3119 ἐξ
738 3052 834 3132 ἧεπερ
869 3052 1003 3135 ἔφυμεν,
1037 3053 1156 3130 ταύτην
1191 3052 1321 3131 ἔχοντε(
1355 3051 1460 3114 ἅπαντα

348 3155 405 3219 τὸν
434 3154 555 3234 χρόνον
584 3157 796 3238 διατελοῦμεν,
827 3155 1021 3234 αὐτόχθονε(
1048 3153 1139 3220 ὄντε(
1162 3204 1169 3218 .
1189 3205 1196 3218 .
1218 3205 1224 3218 .
1250 3156 1292 3219 83
1323 3159 1390 3221 τῶ(
1410 3155 1459 3228 γὰρ

349 3257 388 3322 ἂν
411 3259 554 3333 γένοιντο
583 3259 748 3337 (ιίμμετροι
771 3259 927 3323 τοιούτοι(
954 3258 1113 3340 ἀνδράειν,
1235 3259 1266 3324 οἲ
1296 3262 1332 3323 δέ
1356 3259 1409 3334 τῆν
1435 3255 1460 3317 e

347 3359 470 3440 άπάογ(
493 3365 548 3439 τῆ(
573 3362 667 3427 Ἀ(ίαε
690 3364 824 3440 δύναμιν
846 3361 881 3425 ἐν
900 3361 999 3445 ὀλίγῳ
1022 3361 1132 3445 χρόνῳ
1152 3362 1409 3440 κατεπολέμηεαν,
1429 3355 1460 3419 οὐ
1522 3395 1523 3414 ι

344 3462 452 3542 μόνον
475 3468 511 3528 δέ
531 3465 587 3528 τὰ(
607 3464 714 3528 αὑτῶν
736 3466 889 3542 πατρίδα(
911 3465 1070 3547 διέειυεαν,
1093 3463 1172 3528 ἀλλὰ
1195 3467 1245 3529 καί
1267 3466 1327 3541 τῆν
1343 3462 1460 3526 Ἐλλάδα

351 3567 514 3645 (ιίμπαεαν
529 3567 748 3646 ἠλευθέρωεαν
765 3617 772 3632 .
789 3617 795 3630 .
812 3617 819 3631 .
843 3557 985 3631 Ᾰίιπίίοίι
1000 3569 1062 3632 wie
1085 3567 1245 3633 Isokeates
1269 3567 1303 3630 in
1327 3565 1382 3630 der
1398 3562 1460 3646 βρί·

350 3665 469 3750 deixis,
492 3669 621 3734 wendet
647 3669 830 3754 Xenophon
860 3669 916 3734 das
939 3669 1041 3734 Motiv
1069 3670 1125 3734 des
1153 3670 1238 3735 alten
1267 3667 1459 3735 athenisehen

349 3769 474 3833 Ruhms
497 3771 532 3834 in
555 3770 629 3836 dem
652 3774 880 3852 παρακλητικό(
901 3772 1004 3838 Anah.
1023 3772 1081 3855 111,
1098 3775 1128 3856 2,
1146 3775 1186 3838 ll
1212 3794 1269 3838 en:
1298 3773 1399 3839 ἔπειτα
1423 3769 1459 3848 δέ,
1521 3853 1522 3870 ¹

351 3872 522 3952 ἀναμνῆεω
551 3877 614 3955 γὰρ
641 3877 722 3955 ὑμά(
748 3880 798 3942 καὶ
824 3879 899 3942 τοὺ(
926 3883 993 3943 τῶν
1020 3877 1192 3957 προγόνων
1219 3883 1286 3942 τῶν
1316 3877 1459 3957 ἡμετέρων
1521 3885 1522 3916 ³

349 3977 526 4059 κινδύνου(,
548 3977 592 4041 ἵν’
609 3977 706 4056 εἰδῆθ’
724 3981 769 4045 ὡ(
792 3980 920 4056 ἀγαθοί(
946 3980 975 4045 θ’
991 3981 1063 4058 ὑμῖν
1085 3981 1233 4060 προεήκει
1252 3977 1328 4046 εἶναι
1420 3976 1459 4038 ἐλ-

351 4079 478 4144 θόντων
502 4081 636 4160 μὲνγὰρ
656 4081 790 4160 Περειίιν
813 4085 946 4148 καὶτῶν
969 4085 1025 4147 (ὺν
1044 4083 1151 4148 αὐτοί(
1173 4087 1350 4162 παμπληθεῖ
1371 4080 1457 4158 (τὸλῳ

351 4183 395 4246 ὡ(
424 4183 649 4262 ἀφανιούντων
671 4185 726 4248 τὰ(
749 4185 890 4269 Ἀθήνα(,
918 4186 1089 4264 ὑποστῆναι
1117 4186 1205 4251 αὐτοὶ
1222 4187 1377 4266 Ἀθηναῖοι
1400 4182 1458 4245 τολ·

349 4284 500 4362 μῆεαντε(
512 4287 653 4365 ἐνίκηεαν
665 4287 783 4352 αὐτού(
795 4338 802 4351 .
816 4338 843 4352 ..
859 4289 897 4352 In
909 4289 1121 4372 Anspreehen
1134 4309 1175 4354 an
1187 4289 1347 4355 Griechen
1357 4301 1457 4370 gegen·
1520 4345 1521 4374 γ

349 4386 431 4452 iiber
450 4387 610 4454 Grieehen
630 4391 814 4456 verwendet
831 4391 1038 4475 Thukydides
1057 4390 1114 4456 das
1134 4391 1261 4475 gleiehe
1280 4392 1377 4457 Μοίίτ
1390 4387 1424 4466 V,
1441 4385 1456 4446 9
1520 4377 1521 4408 ³
