3078 5228
149 525 200 580 llie
219 523 424 591 πορακλητικοί
442 525 473 580 in
491 524 542 581 der
561 525 759 596 griechischen
776 542 803 582 υ.
817 530 887 581 rdm.
899 526 1048 583 Literatur.
1130 520 1172 585 47

44 697 63 760 J
65 715 143 762 enea
159 697 349 782 allgcmcine
361 695 460 761 Motiv
473 697 583 782 bringi
593 698 712 763 Anian
725 698 827 764 Anah.
840 698 897 782 111,
911 701 940 781 9,
954 701 973 762 5
992 749 1018 764 ..
1032 749 1039 763 .
1058 699 1175 766 adcolae

44 805 96 880 μέν
124 800 185 865 οὐκ
216 801 279 879 ἔφη
310 805 423 880 χρῆναι
451 804 693 879 παρακαλεῑςθαι
721 803 803 880 πρὸς
831 800 871 867 οὗ
900 801 933 867 ἔς
959 804 1018 868 τὸν
1046 803 1173 878 ἀγῶνα·

43 906 133 968 πάλαι
157 905 218 982 γὰρ
243 899 319 967 εἶναι
342 903 382 967 δι’
398 903 515 982 ἀρετήν
537 923 572 968 τε
593 905 651 981 την
674 909 769 983 ςφῶν
793 907 1101 987 παρακεκλημένους,
1124 908 1174 971 καὶ

43 1006 101 1070 ὑπὸ
124 1010 193 1071 τῶν
215 1006 366 1071 πολλάκις
388 1005 449 1083 ἢδη
474 1009 580 1069 καλῶν
604 1007 708 1084 ἔργων
724 1005 1010 1087 ἀποδεδειγμένων.
1041 1007 1173 1073 Cassius

43 1107 101 1172 Dio
120 1107 226 1192 Ιη30,
250 1112 267 1172 1
298 1109 375 1174 ὥςτε
403 1110 444 1187 μή
472 1113 538 1174 τοῖς
567 1110 652 1187 έμοῑς
682 1109 790 1186 λόγοις
818 1113 937 1188 μᾶλλον
960 1112 979 1188 ἢ
1009 1115 1074 1176 τοῖς
1102 1111 1175 1190 ὑμε-

42 1213 143 1290 τέροις
167 1211 274 1276 αὐτῶν
297 1211 401 1291 ἔργοις
428 1211 675 1291 ἔπιρρωςθέντες
698 1213 904 1292 έπιθυμήςατε
927 1215 1019 1278 παντὶ
1043 1214 1103 1294 ἢδη
1126 1221 1172 1299 τῷ

44 1317 172 1398 πολέμῳ
184 1317 278 1379 τέλος
291 1316 445 1382 ἐπιθεῖναι.
462 1314 598 1398 Procop.
609 1314 639 1378 b.
647 1314 686 1378 V.
696 1315 753 1398 IV,
765 1315 816 1397 12,
828 1316 870 1379 14
883 1315 962 1381 ὥςτε
974 1315 1045 1395 ὑμῖν
1057 1318 1135 1382 οὐδέ
1146 1339 1173 1382 π

44 1417 253 1491 ἔγκελεόεςθαι
272 1417 307 1482 ἔν
326 1439 361 1493 γε
381 1422 427 1500 τῷ
445 1417 579 1496 παρόντι
597 1418 780 1494 ἔπάναγκες.
805 1417 852 1484 οῐς
870 1421 932 1498 γὰρ
949 1419 989 1483 τὰ
1008 1420 1173 1499 πράγματα

43 1523 89 1584 καὶ
111 1521 131 1598 ἡ
155 1524 221 1584 τῶν
244 1522 406 1598 πολεμίων
425 1521 568 1585 ἀςθένεια
591 1522 627 1584 τὸ
653 1526 778 1600 θαρςεῑν
803 1522 938 1603 δίδωςιν,
967 1522 1064 1587 οὐδὲν
1089 1519 1173 1601 οἶμαι

41 1629 94 1701 τῆς
110 1624 147 1687 ἔκ
161 1627 226 1688 τῶν
238 1623 348 1698 λόγιον
365 1625 520 1703 ὠφελείας
536 1627 675 1701 προςδεῑ.
692 1623 822 1689 Ebenso
838 1623 867 1688 b.
880 1624 919 1688 V.
932 1625 975 1704 Π,
992 1627 1020 1707 1,
1036 1628 1075 1690 13
1093 1647 1173 1704 παρ-

43 1729 155 1791 αίνεςιν
179 1729 235 1805 μὲν
362 1727 420 1792 οὐκ
449 1722 520 1790 οἶδα
544 1725 590 1790 ὅτι
615 1730 662 1792 δεῖ
684 1731 836 1792 ποιεῑςθαι
864 1729 945 1806 πρὸς
968 1728 1049 1807 ὑμᾶς
1073 1731 1105 1794 οἵ
1135 1749 1172 1804 γε

42 1828 125 1893 οὗτοι
152 1832 229 1895 τοὺς
255 1832 423 1908 πολεμίους
453 1829 590 1908 ἔναγχος
618 1831 796 1908 νενικήκατε
826 1831 904 1896 ὥστε
936 1831 1111 1910 Καρχηδὼν
1138 1852 1173 1897 τε

42 1935 94 2010 ἥδε
109 1935 161 1996 καὶ
179 1931 273 2013 Λιβύη
297 1932 440 2010 ξύμπαςα
464 1937 564 2010 κτῆμα
585 1937 642 2010 τῆς
666 1933 818 2010 ὑμετέρας
837 1933 950 2011 ἀρετῆς
968 1933 1036 2016 ἔςτι,
1061 1937 1111 1998 καὶ
1131 1934 1171 1998 δι’

41 2036 118 2100 αὐτὸ
149 2039 326 2115 ξυμβουλῆς
355 2035 505 2113 οὐδεμιᾶς
533 2035 603 2112 ὑμῖν
633 2034 665 2100 ἔς
695 2035 858 2113 εὐτολμίαν
886 2035 1031 2115 ὁρμώςης
1061 2039 1171 2116 δεήςει

137 2137 209 2203 Dcn
239 2137 387 2222 gleichen
416 2137 516 2202 τόπος
546 2138 678 2201 variierl
707 2136 835 2202 Sallust
859 2137 938 2202 Bell.
964 2137 1031 2202 Gai
1057 2142 1099 2205 58
1129 2161 1171 2205 zu

41 2243 121 2307 *παπ
144 2241 252 2306 Rnhm
280 2239 347 2304 und
372 2239 535 2304 Geiahren
559 2240 649 2304 nicht
672 2259 819 2324 canegou,
848 2240 911 2305 den
936 2242 1100 2306 ermahnst
1127 2243 1171 2307 dn

42 2343 248 2428 vergebcns’:
274 2342 478 2426 compertum
511 2362 569 2426 ego
598 2342 713 2426 habe0,
737 2343 866 2426 milita,
889 2343 989 2408 verba
1017 2345 1170 2410 virtutem

41 2467 101 2510 non
114 2446 243 2528 addere,
259 2465 366 2530 neque
383 2465 425 2510 ex
436 2447 553 2529 ignavo
566 2449 734 2511 strenuum
750 2466 856 2530 neque
871 2447 989 2511 fortem
1001 2467 1042 2512 ex
1055 2449 1170 2514 timido

41 2551 218 2615 exercituin
242 2551 387 2614 oratione
410 2550 613 2633 imperatoris
637 2551 710 2614 fieri
814 2569 912 2634 quem
935 2570 1042 2635 nequa
1067 2552 1172 2634 glcn'a

40 2653 300 2737 nequepericnla
311 2652 464 2735 excitant,
476 2653 674 2736 nequiquam
686 2653 986 2719 hortere...-Als
998 2641 1171 2740 llbergang

41 2778 101 2821 von
122 2759 230 2822 cinam
246 2755 527 2840 Hauplgedanken
546 2776 587 2821 zu
604 2758 710 2822 einem
726 2757 850 2822 andern
867 2757 999 2822 benulzt
1014 2758 1169 2842 librigens

40 2860 150 2925 diesen
173 2861 275 2926 τόπος
295 2859 459 2943 Phyllos,
482 2860 591 2926 indam
612 2881 648 2926 er
669 2862 727 2925 ihn
750 2862 954 2945 gleichzeitig
976 2862 1170 2928 individuell

39 2985 94 3028 aus
114 2964 174 3029 der
192 2964 353 3029 Sitnaiion
373 2965 517 3047 schdpit:
542 2965 601 3028 der
618 2966 851 3042 παρακληπκός
871 2965 915 3028 ist
932 2984 997 3028 nur
1013 2965 1069 3028 ilar
1085 2967 1169 3048 J'enc,

39 3069 159 3133 welche
179 3087 236 3131 um
254 3066 331 3132 Sold
350 3067 508 3150 kimpiea
527 3067 619 3132 nicht
635 3067 691 3130 fiir
707 3067 834 3149 Remea,
853 3068 976 3132 welche
995 3067 1029 3130 in
1046 3066 1170 3133 diesem

39 3171 244 3254 Augenblick
260 3171 328 3254 ‘pro
349 3171 413 3234 aris
434 3173 531 3253 atque
551 3171 644 3234 iocis'
665 3171 833 3252 eintretcn,
857 3169 969 3252 Polyb.
986 3170 1044 3253 ΙΙΙ,
1062 3173 1168 3253 109,5

111 3277 185 3341 ἑνὸς
207 3277 387 3353 προςδεῑται
409 3274 448 3338 τὰ
467 3273 643 3356 πράγματα,
665 3277 721 3351 τῆς
740 3272 892 3352 ὑμετέρας
917 3276 1096 3353 βουλήςειυς
1118 3277 1169 3339 καὶ

37 3380 220 3460 προθυμίας,
240 3377 321 3454 ὑπὲρ
340 3376 376 3454 ἧς
394 3377 472 3440 οὐδὲ
486 3379 729 3455 παρακαλεῑςθαι
743 3378 840 3440 πλείω
855 3377 985 3454 πρέπειν
1006 3377 1076 3454 ὑμῖν
1091 3377 1170 3442 ὑπο-

38 3481 197 3560 λαμβάνω.
220 3483 286 3544 τοῖς
301 3480 357 3557 μέν
369 3499 404 3554 γε
419 3482 529 3557 μιςθοῦ
542 3479 629 3557 παρά
640 3497 695 3543 τιςι
707 3479 963 3556 ςτρατευομένοις
982 3479 1077 3556 ἢτοῑς
1090 3481 1169 3543 κατὰ

38 3585 210 3662 ςυμμαχίαν
233 3583 312 3660 ὑπὲρ
335 3586 401 3646 τῶν
423 3583 519 3646 πέλας
543 3583 686 3660 μέλλουςι
709 3581 902 3646 κινδυνεύειν
921 3630 928 3643 .
945 3630 952 3644 .
970 3630 977 3644 .
996 3581 1168 3657 ἀναγκαῖος

36 3691 88 3764 τῆς
107 3685 335 3764 παρακλήςεως
352 3687 466 3760 γίνεται
484 3685 619 3762 τρόπος·
644 3683 690 3748 olc
710 3687 745 3748 δὲ
764 3734 771 3747 .
788 3733 794 3747 .
813 3733 819 3747 .
841 3685 922 3764 ὑπὲρ
946 3688 1037 3763 (φῶν
1060 3685 1169 3750 αὐτῶν

37 3793 83 3852 καὶ
98 3791 254 3867 πατρίδος
269 3788 319 3851 καὶ
333 3793 491 3863 γυναικῶν
508 3789 557 3850 καὶ
575 3788 697 3851 τέκνων
714 3788 733 3851 ὁ
750 3788 898 3851 κίνδυνος
913 3788 1096 3866 ςυνέςτηκεν
1113 3837 1120 3852 .
1136 3837 1143 3852 .
1161 3837 1168 3851 .

37 3891 244 3969 ὑπομνήςεως
269 3890 380 3972 μόνον,
407 3891 631 3969 παρακλήςεως
661 3890 746 3955 δὀὐ
774 3893 909 3969 προςδεῑ.
942 3889 1019 3954 Und
1046 3889 1169 3955 wieder

37 3995 223 4059 seinersaila
247 3992 410 4057 Hannibal
433 3993 496 4075 111,
515 3996 592 4074 111,
613 3995 649 4056 5:
679 3993 814 4075 inibat,
844 3993 891 4057 als
920 3993 971 4056 ihr
998 3993 1081 4058 cuch
1109 3994 1169 4056 mit

36 4095 96 4160 den
124 4097 268 4162 Rhmem
298 4096 383 4160 noch
410 4096 503 4160 nicht
527 4097 574 4159 im
601 4093 719 4180 Kampi
747 4115 916 4179 gemessen
943 4096 1052 4177 natael,
1082 4102 1168 4160 ware

37 4199 90 4262 das
106 4204 303 4279 παρακαλεῖν
320 4219 372 4263 am
382 4199 472 4264 Plalz
487 4218 651 4285 gcwcscn3
670 4200 749 4281 J'etzt
763 4199 848 4282 aber,
859 4199 943 4262 nach
957 4197 1027 4262 drei
1039 4198 1166 4283 Siegen‚

35 4309 126 4368 ποῖος
150 4303 191 4367 ἂν
216 4304 258 4367 ἔτι
282 4303 378 4378 λόγος
400 4303 470 4381 ὑμῖν
489 4302 692 4382 ἰςχυρὸτερον
710 4304 896 4381 παραττήςει
920 4302 1037 4380 θάρςος
1059 4302 1166 4367 αὐτῶν

36 4411 98 4472 τῶν
124 4407 247 4486 ἔργοις
