3184 5234
301 451 487 520 Quaestiones
506 439 621 522 'criticae
640 452 670 522 ip
688 451 884 522 Aristophanis
904 452 1023 507 fabulas.
1186 448 1224 510 tl

573 1072 677 1155 Caput
699 1071 754 1135 IV.

614 1219 633 1300 β
659 1218 709 1281 10.

187 1359 360 1438 Pergamus
375 1360 415 1426 ad
431 1359 549 1428 Suidae
565 1362 709 1444 proprias
725 1361 907 1443 scripturas.
933 1359 1019 1437 Quas
1034 1379 1099 1426 nan
1115 1379 1226 1426 omnes
1279 1347 1282 1354 ¹

97 1463 304 1546 proferemus,
328 1482 401 1527 enm
427 1469 459 1528 et
481 1463 614 1544 longum
637 1483 744 1547 neque
768 1482 883 1546 operae
906 1465 1045 1548 pretium
1073 1483 1144 1528 esse
1169 1463 1227 1527 du-

98 1585 214 1648 camus,
228 1585 488 1648 unamquamque
500 1586 611 1631 aarum
623 1566 740 1635 Suidae
752 1567 1003 1632 voluntariarum
1014 1566 1227 1634 mutationum

97 1688 293 1748 enumerare,
313 1669 368 1732 ubi
388 1669 503 1733 additis
519 1669 570 1733 vel
590 1670 715 1734 omissis
731 1668 893 1734 nonnullis
910 1668 1074 1736 vocabulis
1090 1669 1140 1734 vel
1156 1688 1227 1733 ver-

98 1771 208 1846 borum
226 1771 338 1836 ordine
353 1773 519 1838 immutato
536 1777 568 1836 et
582 1779 761 1855 permutato
778 1771 990 1836 deformatum
1003 1771 1227 1854 deprevatum·

98 1894 158 1957 que
175 1893 302 1938 versum
319 1876 353 1936 in
369 1874 503 1938 schedas
519 1894 593 1940 suas
609 1877 738 1959 aecepit
771 1876 814 1940 Ut
830 1877 941 1957 paucis
958 1874 1104 1938 delibatis
1117 1893 1227 1939 exem·

97 1977 155 2060 plis
172 1977 389 2061 lexicographi
406 1995 563 2042 summam
580 1978 745 2045 libidinem
762 1985 858 2060 atque
874 1977 1037 2042 licentiam
1049 1977 1224 2044 illustrem:

97 2081 210 2145 Suidas
233 2101 256 2145 s.
274 2103 302 2145 v.
318 2084 407 2162 τριβή
432 2082 529 2146 verba
554 2082 611 2145 οὐκ
636 2080 745 2160 ἄχαρις
768 2081 800 2146 ἐς
818 2083 876 2158 τὴν
894 2083 1003 2159 τριβήν
1022 2100 1064 2145 ex
1082 2083 1142 2145 Aa.
1161 2082 1225 2144 156

97 2186 260 2266 proferens
283 2191 356 2249 ante
381 2185 439 2250 οὐκ
463 2184 573 2264 ἄχαρις
597 2185 637 2250 de
661 2204 720 2250 suo
744 2185 871 2250 infersit
893 2183 987 2250 οὗτος
1011 2188 1066 2261 μὲν
1086 2185 1154 2266 οὖν,
1174 2185 1225 2249 vel

97 2305 119 2350 s.
132 2307 159 2350 τ.
172 2289 435 2367 πραγματοδίφης
451 2288 549 2352 verba
564 2290 623 2351 Av.
639 2288 815 2352 1423-24
834 2287 860 2350 ὦ
877 2287 1005 2366 μακάριε
1022 2291 1078 2364 τῆς
1098 2288 1225 2365 τέχνης·

97 2393 144 2453 καὶ
158 2392 420 2470 πραγματοδίφης
439 2391 485 2454 sic
508 2392 719 2474 transposuit:
745 2392 794 2456 καὶ
813 2391 1086 2468 πραγματοδίφης.
1107 2383 1146 2452 Ὠ
1171 2409 1226 2467 μα-

97 2494 179 2570 κάριε
199 2499 254 2570 τῆς
272 2496 400 2572 τὲχνης;
425 2495 633 2577 eiusdemque
653 2495 774 2562 latinae
794 2495 870 2560 sunt
887 2493 947 2576 Vp.
965 2495 1030 2558 668
1051 2515 1075 2560 s.
1094 2513 1121 2556 v.
1140 2515 1226 2572 περι-

97 2597 225 2675 πεφθείς
243 2619 249 2658 :
265 2597 388 2661 τούτοις
410 2601 476 2662 τοῖς
500 2597 657 2676 ῥηματίοις
685 2598 894 2677 περιπεφθείς,
920 2595 1028 2675 ἄρχειν
1054 2597 1132 2674 αἱρεῖ
1155 2615 1227 2660 ςαυ-

100 2701 154 2761 τοῦ
182 2718 240 2782 pre
269 2699 416 2763 codicum
444 2698 582 2764 lectione
610 2698 718 2779 ἄρχειν
746 2701 826 2779 αἱρεῖ
854 2703 969 2764 ςαυτοῦ
999 2701 1125 2763 τούτοις
1154 2702 1226 2780 κτλ.,

99 2799 152 2864 Ra
170 2803 256 2866 1280
280 2821 304 2865 s.
322 2823 349 2865 v.
374 2807 541 2882 βουβωνιῶ
559 2824 565 2865 ;
584 2806 751 2882 βουβωνιῶ
779 2803 842 2879 γὰρ
870 2803 915 2864 τὼ
940 2802 1051 2879 νεφρὼ
1076 2800 1138 2864 ὑπὸ
1162 2805 1227 2865 τῶν

100 2905 208 2970 κόπων
224 2925 280 2989 pro
297 2907 360 2970 ίιπδ
376 2911 441 2970 τῶν
458 2907 569 2971 κόπων
584 2907 645 2983 γὰρ
662 2908 706 2968 τὼ
723 2909 834 2988 νεφρὼ
848 2909 1022 2986 βουβωνιῶ.
1047 2905 1115 2971 Iam
1126 2906 1226 2988 igitur

100 3009 241 3091 singulos
263 3010 350 3074 locos
374 3015 556 3074 enatemus:

118 3213 174 3250 νου.
352 3190 373 3254 S
930 3187 987 3250 RV

575 3295 746 3373 Equitum:

146 3410 167 3470 4
189 3408 245 3487 ἀφ’
264 3408 317 3487 οὑ;
343 3409 382 3471 cf.
399 3407 521 3492 Bueng.
540 3430 569 3493 p.
583 3411 635 3473 29.
911 3407 943 3470 ἐξ
968 3405 1006 3468 οὑ

148 3511 167 3570 9
188 3511 634 3594 aevescupevg1.;ef.uueng.
866 3509 1051 3588 κλαύςωμεν

189 3633 217 3696 p.
233 3617 284 3676 33.

124 3717 168 3778 48
190 3717 380 3797 ἐθώπευενγ
889 3714 1024 3778 ἐθώπευ’

125 3820 167 3880 49
189 3822 309 3901 nci††;
335 3820 374 3884 cl.
392 3818 512 3901 Bueng.
529 3839 557 3901 p.
572 3820 622 3880 31.
897 3816 1015 3895 ἅκροιςι

127 3922 168 3982 56
190 3922 484 4002 πανουργοτςίτωςγι
797 3921 1040 3998 πανουργότατά
1063 3940 1132 3984 πως

128 4026 167 4086 57
190 4025 286 4104 αὐτὴν
296 4027 345 4110 ††
912 4023 1007 4088 αὐτὸς

106 4126 169 4190 104
190 4133 252 4192 ταῖς
272 4129 450 4211 θύραιςβγ;
464 4125 634 4210 elBueng.
846 4131 920 4190 ταῑςι
945 4127 1069 4206 βύρςαις

192 4251 218 4314 p.
235 4235 284 4294 31.

108 4331 170 4392 192
193 4333 299 4419 ἑςτὶνβ
885 4331 927 4396 ἔτ’
952 4333 1030 4396 ἐςτίν
