3084 5228
237 515 425 583 Quaestiones
444 515 559 571 criticae
578 516 609 570 in
627 515 824 585 Aristophanis
843 515 961 570 tabulas.
1099 510 1161 572 157

50 691 171 754 ἅπαντα(
196 690 323 769 ἐκφέρω
348 692 404 752 eut
422 689 499 753 Eur.
515 687 612 752 Here.
631 689 715 752 1131
737 689 808 752 ooo
828 689 933 753 θὲαεαι
950 689 1027 753 τάδε
1044 688 1165 752 τέκνων

49 796 196 870 πειήματα.
220 791 368 874 Namque
392 791 492 854 altero
515 790 587 855 loco
608 791 708 855 Cleon
731 791 836 855 solum
856 791 1042 872 isiciarium,
1065 789 1164 854 altero

49 896 224 978 Amphitruo
248 894 354 958 solum
376 893 553 958 Herculem
577 894 761 978 alloquitur.
797 894 948 960 Ceterum
970 892 1045 958 vide
1068 892 1109 957 de
1132 892 1164 954 vi

49 1005 74 1061 et
98 997 331 1081 significatione
362 998 452 1062 vocis
484 999 554 1062 ἰδοὺ
587 997 627 1062 do
653 997 893 1062 Wilomowitzii
925 1001 1094 1061 comment.
1125 993 1166 1058 ad

48 1100 111 1164 Eur.
131 1099 228 1164 Hero.
255 1101 341 1164 1131
371 1102 565 1185 som'pturom
593 1101 663 1165 loco
692 1105 804 1166 θεᾶεθε
831 1101 865 1163 in
894 1101 975 1163 Ach.
1000 1099 1065 1162 366
1093 1117 1165 1181 pro-

47 1203 145 1266 beniiS.

121 1307 159 1370 In
183 1306 427 1388 Lysistralee
455 1326 484 1369 v.
505 1307 567 1370 957
593 1309 658 1370 ποῦ
683 1309 886 1386 κυναλώηηξς
911 1305 1045 1389 (BOLA,
1070 1324 1166 1384 χηνα-

47 1413 140 1489 λώπηξ
162 1411 203 1492 R)
230 1410 363 1474 lectioni
387 1410 415 1474 R
442 1407 526 1472 fides
550 1407 739 1491 denegando
763 1412 818 1472 est.
854 1408 934 1472 Nam
960 1406 1166 1471 adnotatione

47 1513 146 1576 schol:
164 1513 183 1576 ὁ
202 1513 431 1591 Φιλὸσρατοε·
448 1516 498 1576 καὶ
513 1513 657 1591 ἀλλαχοῦ
674 1513 909 1591 “Φιλόετρατο(
923 1513 941 1589 ἡ
954 1509 1166 1588 κυναλώπηξ”

47 1615 187 1679 doeemur
198 1615 428 1680 Philostratum
443 1615 593 1680 lenonem
608 1614 761 1698 intellegi,
779 1615 833 1678 cui
849 1615 945 1678 eliam
961 1615 995 1676 in
1010 1613 1068 1696 Ilq.
1079 1613 1165 1676 1069

47 1738 210 1802 cognomen
227 1721 415 1797 κυναλώπηξ
432 1722 487 1783 est
511 1719 707 1798 Χηναλώπηξ
721 1737 807 1801 vero,
824 1716 910 1801 quod
926 1717 1011 1781 vohi
1025 1716 1166 1780 hominis

48 1841 210 1904 cognomen
236 1827 293 1904 est,
316 1821 369 1904 (of.
388 1821 486 1886 schol.
507 1821 547 1886 ad
566 1822 647 1885 Ach.
664 1823 746 1886 855:
771 1822 978 1900 Λυείετρατοε
999 1820 1049 1883 ἐπὶ
1067 1823 1167 1898 μαλα-

47 1925 88 2006 κίᾳ
112 1925 303 2007 διεβάλλετο,
331 1926 472 1989 ἐκαλεῖτο
497 1927 606 1989 δὲκαὶ
634 1926 835 2007 χηναλώπηξ)
862 1923 1041 1988 sententiae
1069 1923 1166 1987 huius

46 2025 100 2090 loci
120 2047 184 2091 non
208 2027 369 2092 convenit
