3084 5228
338 495 401 560 120
762 499 878 555 Victor
897 497 1040 568 (λοιιΙοα,

353 707 410 745 vss.
588 672 624 737 M
1150 669 1246 735 s-A

338 796 424 860 1370
449 795 709 874 μετεγραφήεεται
967 793 1249 871 μετεγγραφήεεται
1272 813 1347 858 cum
1370 795 1422 894 RV
1537 869 1538 892 3

338 900 424 962 1405
449 900 546 978 ἕδραν
1034 895 1131 972 ἕδραν
1155 899 1184 958 θ’
1209 915 1284 959 cum
1307 896 1368 960 RV

810 1115 998 1178 nanuum:

360 1251 424 1312 289
449 1248 476 1312 ώ
1068 1249 1150 1320 γοῦν
1174 1266 1248 1311 eum
1271 1247 1332 1311 RV

361 1353 426 1416 290
451 1354 507 1430 μέν
1053 1350 1109 1427 μέν
1132 1370 1169 1423 γε
1192 1369 1268 1413 eum
1289 1350 1351 1414 RV

360 1456 425 1518 290
450 1458 486 1518 δὲ
1091 1451 1121 1514 δ’
1146 1471 1220 1516 cum
1242 1453 1303 1516 RV

361 1559 424 1624 303
449 1559 529 1634 λέγει
552 1575 625 1621 cum
651 1552 697 1620 SV
1060 1555 1160 1630 λέγειν
1183 1576 1258 1620 cum
1282 1555 1343 1621 RV

360 1662 425 1724 356
448 1661 498 1725 ἴδε
1160 1655 1241 1725 εἶδεν

359 1766 425 1827 474
449 1766 645 1843 πλευμόνων
1102 1765 1296 1841 πνευμόνων

360 1869 424 1931 536
449 1869 547 1932 αὐτὸν
1151 1867 1249 1931 αὑτὸν

360 1971 426 2033 554
450 1965 875 2049 ἀνηριωβολιμαῑαοαιιιὸΒΕ
988 1967 1232 2047 ἀνημιωβολιαῑα
1256 1989 1331 2034 cum
1356 1969 1414 2034 RV

360 2074 424 2136 711
449 2074 662 2151 ψευδολίτρου
771 2152 775 2160 Ι
1092 2074 1305 2151 ψευδονίτρου

360 2175 427 2237 804
450 2175 511 2239 οιίν
1160 2178 1243 2249 γοῦν

361 2279 425 2340 833
451 2277 530 2359 ὅπερ
1158 2277 1238 2354 ἅπερ

361 2381 424 2443 901
449 2383 549 2447 λέξειν
1161 2382 1242 2446 λέξαι

361 2484 426 2546 956
451 2483 586 2563 έμβολὰε
968 2483 1107 2563 είεβολάε
1130 2483 1188 2566 (ἐε-
1211 2483 1253 2564 Α)
1276 2503 1355 2548 eum
1376 2483 1432 2549 RV

361 2588 423 2650 991
449 2589 586 2666 κάθηντο
1125 2585 1275 2664 κάθηνται

341 2689 427 2753 1068
449 2693 553 2754 ταῦθα
576 2689 611 2754 Μ
635 2709 714 2754 corr.
1059 2693 1159 2753 ταῦτα
1183 2708 1259 2752 oum
1281 2689 1344 2754 RV

208 2819 211 2826 ¹
339 2794 426 2857 1084
450 2795 652 2872 ἀνεστομώθη
1011 2795 1208 2872 ἀνεμεστώθη
1233 2813 1309 2857 οιιιιι
1331 2794 1393 2859 RV

339 2897 425 2960 1466
449 2918 485 2973 γε
508 2902 592 2975 πλῆν
617 2897 636 2960 ὁ
1008 2898 1090 2974 πλήν
1118 2896 1146 2972 γ’
1172 2896 1191 2959 ὁ
1215 2897 1255 2979 (γ’
1272 2917 1334 2960 om.
1352 2900 1395 2978 A)

340 3000 424 3062 1505
448 3003 583 3065 τουτοιεὶ
1058 3002 1154 3064 τοῦτο
1179 3003 1274 3081 (τουτὶ
1297 3001 1342 3082 Α)

824 3224 982 3288 Rubium:

383 3352 425 3413 33
450 3350 477 3413 ώ
502 3351 586 3428 μέλε’
1052 3351 1079 3414 ώ
1103 3350 1169 3429 μέλ’
1193 3369 1267 3415 cum
1290 3349 1352 3414 RV

362 3453 423 3515 127
448 3457 513 3518 τοῑε
1060 3458 1156 3518 τοῑειν
1180 3473 1254 3516 cum
1277 3453 1339 3516 RV

362 3556 425 3618 133
450 3556 521 3636 βάλ’
1157 3556 1244 3636 βάλλ’

360 3659 423 3722 267
449 3664 639 3739 καταβραχώ
1101 3664 1307 3739 καταβρεχθῶ

359 3763 425 3825 436
448 3765 653 3840 προεπὸλοια
1016 3762 1203 3841 προπόλοιει
1227 3781 1303 3826 cum
1325 3763 1389 3829 RV

360 3865 424 3927 512
448 3868 571 3942 γένοιτο
594 3867 775 3950 τάνθρώπῳ
1048 3865 1162 3939 γένοιτ’
1187 3865 1351 3948 ἀνθρώπῳ

361 3969 423 4031 655
449 3969 569 4048 ἀχρῆοε
592 3969 627 4033 Μ
650 3987 731 4033 corr.
1042 3966 1170 4046 ἀγρεῖος
1195 3987 1271 4032 eum
1293 3969 1354 4032 RV
1540 3937 1541 4031 V

359 4073 424 4135 878
447 4075 614 4136 τυννουτοὶ
1018 4073 1202 4135 τυννουτονὶ
1225 4091 1300 4135 oum
1323 4073 1385 4137 RV

337 4176 424 4238 1228
448 4176 571 4240 πώποτ’
1041 4195 1093 4238 παι
1116 4174 1181 4238 τότ’
1205 4194 1281 4238 oum
1304 4175 1365 4238 RV

337 4277 424 4339 1254
449 4279 546 4342 καίτοι
569 4279 596 4341 τ’
1029 4280 1078 4341 καὶ
1101 4277 1189 4341 τοῦτ’
1213 4297 1288 4342 oum
1311 4278 1373 4343 RV

338 4379 424 4444 1356
448 4380 580 4461 έπαίχθη
1044 4381 1160 4460 ἐπέχθη
1184 4401 1259 4444 cum
1281 4379 1342 4444 RV
