3184 5234
335 479 521 548 Quaestiones
539 479 654 535 criticae
672 479 703 533 in
721 478 918 549 Aristophanis
936 479 1057 535 fabulas.
1222 474 1264 536 39

129 653 237 715 tivum
259 655 394 731 χρυεοῡε
410 653 565 736 sequitur,
589 650 773 716 Aeschinl
793 654 864 732 187,
889 652 945 715 nbi
961 651 1000 715 de
1016 650 1152 734 decreto,
1177 652 1264 735 quod

130 763 181 820 ast
203 755 244 820 de
267 755 441 820 reducibus
460 754 599 837 aPhyla
622 754 761 836 castello,
785 753 883 818 verba
900 753 1001 817 hunt:
1027 755 1130 819 ἔπειτα
1150 755 1264 821 κελεύει

129 862 363 938 ιτεφανοῡεθαι
387 861 506 923 θαλλοῦ
531 857 677 941 ιτεφάνῳ
702 857 809 921 αὐτῶν
833 859 972 938 ἕκαςτον,
996 856 1125 922 ἀλλὀὐ
1150 865 1264 943 χρυκῷ.

128 962 203 1026 τότε
225 965 282 1040 μὲν
306 964 367 1041 γὰρ
390 962 429 1040 ἠν
454 961 473 1026 ὁ
497 965 555 1026 τοῦ
580 964 699 1025 θαλλοῦ
724 962 882 1041 ετέφανοι
905 963 1009 1043 τίμιοι,
1033 963 1102 1026 νυνὶ
1120 964 1156 1026 δὲ
1175 962 1263 1027 καὶὸ

129 1067 266 1144 χρυεοῦι
289 1063 572 1144 καταπεφρόνηται.

220 1165 260 1230 Ιιι
287 1187 316 1230 v.
334 1168 398 1230 596
421 1166 451 1230 R
479 1167 611 1249 praebet
638 1167 717 1231 κατὰ
745 1171 828 1246 μῆνα
854 1166 1035 1249 προεάγειν,
1064 1166 1163 1232 S-V
1186 1170 1264 1233 κατὰ

129 1269 202 1348 μῆν’
226 1268 423 1347 ἀποπέμπειν
451 1271 667 1353 superscripto
691 1289 739 1349 γρ.
763 1269 841 1333 κατὰ
865 1273 948 1347 μῆνα
970 1270 1138 1348 προεάγειν
1167 1271 1200 1334 in
1225 1271 1263 1334 V.

127 1371 180 1435 Ex
201 1391 247 1454 eo,
272 1371 359 1455 quod
382 1373 416 1434 in
433 1371 463 1434 V
478 1371 605 1455 legitur,
622 1371 839 1454 colligendum
856 1390 926 1436 osse
942 1377 1020 1455 puto
1035 1373 1070 1436 in
1087 1373 1263 1458 archetypo

128 1537 286 1620 scriptum
309 1537 409 1602 fuisso
433 1539 512 1600 κατὰ
536 1535 607 1616 μῆν’
628 1471 833 1616 ἀιτιῐάιοιεέῗιγτξάἴν.
856 1540 966 1620 Atque
989 1538 1139 1602 librarius
1157 1539 1186 1603 R
1205 1559 1262 1622 pro

127 1641 272 1722 genuina
291 1641 451 1723 scriptura
469 1639 665 1718 ἀποπέμπειν
684 1640 820 1724 glossam
838 1641 1076 1705 interlinearem
1092 1641 1263 1720 προεάγειν

127 1742 339 1826 transcripsit
362 1741 473 1806 Lectio
489 1747 596 1805 autem
612 1743 816 1824 προπέμπειν,
833 1763 929 1824 quarn
942 1745 1072 1826 quidam
1089 1763 1130 1808 ex
1147 1744 1263 1809 deteri·

127 1845 239 1908 oribus
263 1844 429 1909 codicibus
449 1847 481 1909 et
498 1843 597 1908 schol.
614 1864 677 1909 rec.
694 1845 857 1928 exhibent,
877 1865 895 1910 e
915 1846 1021 1911 verbis
1039 1847 1206 1925 προκάγειν
1231 1851 1264 1912 et

127 1946 329 2025 ἀποπέμπειν
354 1947 493 2012 conflata
517 1953 574 2011 est.

219 2051 259 2114 ln
275 2071 303 2114 v.
316 2052 402 2115 1010
419 2053 468 2114 καὶ
483 2053 522 2128 νὴ
540 2049 591 2114 Δί’
610 2052 635 2116 εἰ
651 2052 850 2130 λυπουμένην
867 2055 894 2126 γ’
907 2052 1043 2116 αἴιθοιτό
1058 2074 1094 2130 με
1106 2053 1263 2136 particula

125 2153 157 2228 γ’
171 2152 246 2216 inR
262 2153 359 2217 abest.
383 2152 543 2217 Valsenus
560 2172 624 2217 non
641 2158 728 2217 recto
744 2153 829 2235 fecit
846 2155 931 2236 quod
949 2155 1180 2238 scripturamR
1197 2176 1263 2220 am·

126 2257 245 2340 plexus
257 2263 313 2321 est.
332 2254 407 2320 lure
419 2261 531 2320 contra
542 2255 735 2338 Blaydesius
748 2261 872 2323 monet:
887 2259 1119 2324 “Restituenda
1131 2263 1262 2326 omnino

125 2359 292 2444 particula,
306 2377 389 2442 quae
401 2359 495 2442 plane
504 2360 556 2424 hio
568 2361 774 2443 requiritur”.
787 2361 870 2425 Nam
882 2361 1033 2445 permulti
1050 2364 1263 2427 inveniuntur

125 2463 199 2544 loci,
224 2463 342 2545 quibus
365 2462 520 2527 locutioni
543 2465 593 2527 καὶ
615 2465 654 2542 νὴ
679 2465 743 2528 Δία
767 2463 857 2528 brevi
873 2465 974 2547 spatio
994 2466 1090 2528 unius
1110 2465 1262 2530 duorum-

125 2585 169 2630 ve
184 2565 413 2630 vocabulorum
430 2566 611 2631 intermisso
628 2567 834 2650 particulare
850 2567 985 2632 additur.
1010 2567 1094 2633 Satis
1107 2569 1262 2634 hahemus

126 2669 226 2733 hosce
249 2668 336 2734 locos
360 2669 492 2733 afferre:
521 2668 568 2733 Pl.
588 2671 652 2733 134
677 2671 726 2733 καὶ
749 2672 788 2747 νὴ
812 2670 865 2734 Δί’
887 2663 1029 2750 εὔχονταί
1052 2691 1097 2753 γε,
1124 2671 1187 2735 144
1212 2675 1261 2736 καλ

125 2773 167 2848 νὴ
191 2771 243 2836 Δί’
260 2772 334 2836 etri
357 2771 385 2847 γ’
405 2772 474 2853 lert,
498 2771 556 2854 qu.
572 2773 638 2836 418
662 2774 711 2836 καὶ
734 2773 773 2848 νὴ
798 2772 850 2837 Δί’
867 2771 948 2837 ἀλλα
970 2772 1000 2847 γ’
1017 2774 1078 2837 cert
1102 2795 1170 2857 μου,
1196 2777 1259 2838 719

125 2878 177 2938 καὶ
199 2878 238 2953 νὴ
263 2875 316 2939 Δί’
335 2874 399 2938 ὑπό
423 2895 458 2950 γε
483 2876 669 2957 δεξιότητος,
693 2875 754 2938 Nb.
773 2877 857 2939 1227
884 2878 932 2940 καὶ
955 2879 994 2954 νὴ
1014 2876 1066 2940 Δί’
1083 2877 1260 2942 ἀποδώεειν

124 2977 157 3053 γ’
174 2979 329 3057 ἐπώμνυε.
354 2977 400 3042 of.
417 2978 517 3042 multa
532 2977 594 3042 alia
611 2978 758 3061 exempla
774 2979 808 3042 in
825 2979 989 3060 Blaydesii
1005 2979 1111 3043 adnot.
1133 2979 1172 3043 ad
1189 2981 1218 3044 h.
1231 3001 1260 3044 ν.

125 3088 288 3165 congesta.

217 3185 256 3248 In
272 3204 301 3248 v.
320 3185 405 3249 1020
424 3183 519 3248 lectio
535 3183 632 3248 S-V
650 3189 698 3249 est
713 3185 823 3268 χρόας,
847 3185 876 3249 R
892 3190 1011 3267 χροιᾱε.
1036 3185 1152 3252 Poetas
1168 3186 1260 3269 diph-

123 3289 255 3371 thongis
279 3309 317 3368 οι,
341 3310 371 3352 αι
395 3291 427 3351 ot
449 3287 615 3351 vocalibus
640 3308 668 3368 ο,
692 3309 713 3351 α
737 3293 810 3352 ante
828 3290 953 3354 vocales
970 3309 1045 3354 usos
1061 3309 1141 3371 esso,
1165 3295 1261 3374 prout

123 3393 264 3454 metrum
289 3410 390 3454 unum
409 3389 586 3455 alterumve
602 3389 783 3474 postulavit
807 3409 901 3456 nemo
918 3392 1028 3456 nescit
1054 3391 1152 3456 Velut
1174 3392 1259 3476 apud

122 3493 374 3577 Aristophanem
391 3495 558 3558 invenitur
574 3493 653 3571 ῥόαι
676 3495 767 3557 metri
784 3513 881 3558 causa
896 3495 930 3557 in
947 3493 1008 3577 Vp.
1029 3496 1124 3575 1268,
1149 3501 1260 3559 contra

124 3597 226 3676 ῥοιῶν
249 3599 283 3661 in
307 3596 361 3662 Pc.
381 3598 464 3661 1001
490 3599 634 3660 numeris
657 3596 784 3680 longam
811 3598 966 3679 syllabam
995 3597 1259 3663 desiderantibus.

124 3699 173 3764 Oi
190 3701 285 3764 etiam
309 3699 364 3764 Eo.
382 3701 456 3782 676,
487 3701 561 3784 684,
591 3701 664 3782 686,
695 3700 750 3764 ubi
775 3701 795 3763 Γ
817 3703 911 3764 crodit
940 3707 973 3764 et
1001 3702 1095 3765 crodv
1120 3701 1259 3784 exhibet,

122 3803 154 3867 R
179 3809 266 3867 recto
302 3804 403 3868 ιτοιὰε
434 3809 466 3868 et
497 3805 610 3885 στοιὰν,
641 3823 724 3885 quae
754 3803 876 3867 formae
907 3805 1008 3867 metro
1039 3805 1258 3885 requiruntur.

122 3905 201 3970 Vox
226 3905 310 3984 χρόα
336 3911 463 3989 praeter
489 3927 518 3969 ν.
545 3907 630 3971 1020
660 3909 812 3988 quattuor
837 3906 918 3971 locis
948 3908 1114 3990 reperitur.
1150 3908 1258 3989 Atque

121 4008 230 4072 tribus
258 4007 339 4072 locis
373 4007 445 4090 (Nb.
474 4011 547 4090 718,
584 4010 680 4090 1012,
718 4010 816 4090 1016)
850 4011 993 4073 numeris
1027 4010 1130 4073 forma
1166 4011 1259 4090 χροιά

120 4131 183 4196 per
215 4110 448 4194 diphthongum
479 4113 630 4194 poscitur.
664 4111 785 4188 Quarto
819 4116 927 4176 autom
957 4113 1028 4176 1οοο
1063 4112 1133 4194 (Nb.
1161 4115 1258 4195 1171)

121 4212 209 4278 nihil
241 4213 382 4294 interest,
424 4219 533 4277 utrum
567 4215 679 4294 χροιὰν
714 4235 754 4278 au
790 4215 892 4294 χρόαν
927 4214 1064 4294 scribas3
1106 4221 1258 4280 neutrum

121 4335 277 4381 numeros
307 4317 447 4380 violabit.
489 4316 559 4394 Quo
597 4318 665 4381 loco
693 4337 766 4382 cnm
798 4317 832 4380 in
863 4318 1027 4382 codicibus
1058 4320 1116 4396 τήν
1146 4319 1257 4397 χροιὰν

120 4418 324 4502 exhibeatur,
352 4421 415 4484 nisi
440 4421 525 4504 quod
548 4420 577 4484 R
599 4421 679 4484 falso
703 4421 880 4504 genitivum
908 4425 964 4499 τῆς
986 4426 1095 4501 χροιᾶς
1118 4421 1256 4504 praehet,
