3084 5228
761 447 878 503 Victor
896 446 1040 516 (doulon,

818 1023 923 1108 Caput
944 1024 1003 1088 ΙΙΙ.

872 1169 945 1249 §a

433 1310 621 1374 Proximum
652 1311 709 1390 ost,
739 1311 776 1372 ut
803 1308 843 1372 da
870 1309 911 1372 iis
942 1312 1055 1392 agatur
1084 1310 1172 1390 locis,
1204 1311 1321 1392 quibus
1353 1309 1460 1374 scholia
1527 1335 1529 1388 χ

338 1421 374 1479 ct
397 1415 462 1479 aR
485 1417 518 1478 ct
540 1413 608 1477 aV
632 1412 833 1476 dissentiunt
865 1413 904 1475 Iu
928 1413 1046 1495 quihus
1069 1412 1271 1496 proferendis
1296 1415 1461 1476 coutimur

340 1518 475 1598 rationo,
497 1523 532 1580 ut
549 1518 590 1579 iis
609 1514 802 1578 scholiorum
823 1515 1026 1595 lectionibus
1051 1535 1226 1598 quaecum
1245 1536 1311 1579 uuo
1332 1517 1460 1579 alterove

342 1625 523 1685 ceterorum
541 1619 691 1683 codicum
707 1619 899 1702 conspirant,
915 1619 1007 1702 signa
1019 1617 1173 1682 addamus
1186 1637 1296 1681 corum
1308 1617 1461 1682 librorum.

342 1723 536 1806 quibuscum
554 1721 746 1805 conspirant.
770 1721 799 1784 li
814 1722 913 1804 igitur
928 1721 998 1803 loci,
1017 1721 1075 1784 ubi
1091 1721 1287 1786 scholiorum
1305 1720 1462 1804 scripturis

341 1827 434 1910 sigua
447 1825 594 1889 codicum
607 1825 696 1890 nulla
712 1830 788 1888 sunt
799 1823 932 1906 adiecta
948 1824 1142 1888 scholiorum
1160 1825 1307 1908 propriae
1319 1825 1461 1888 lectiones

343 1927 509 1992 habendae
533 1933 617 1991 sunt.

366 2071 423 2109 ass.
563 2047 636 2112 Seh.
1177 2045 1235 2109 RV

823 2150 996 2228 Equitum:

391 2268 430 2329 ll
456 2265 635 2342 κινυρόμεθ’
653 2283 726 2327 cum
752 2262 857 2328 Acro
986 2263 1184 2342 κινυρόμεεθ’
1200 2265 1310 2344 (κυνυρ
1337 2264 1424 2343 -V)†

391 2370 431 2432 18
456 2370 740 2444 κομψευριπιδικιίιε
763 2366 881 2430 lemma
937 2370 1189 2444 κομψευριπικῶς
1226 2365 1326 2448 (idem
1361 2366 1465 2430 lemma

455 2469 553 2534 schol.
570 2469 601 2530 V
621 2489 694 2533 cum
720 2467 864 2553 MAld.†
936 2469 1034 2532 schol.
1053 2467 1093 2550 R)

388 2575 431 2638 26
456 2576 494 2652 ἣν
518 2593 592 2637 cum
612 2572 682 2636 Vah
700 2573 748 2634 Δ1
1157 2571 1254 2654 ἠνίί

390 2678 431 2740 68
456 2675 636 2741 ἀναπείσετ’
652 2677 744 2757 (-εετε
766 2675 883 2739 lamma
937 2673 1122 2750 ἀναπείσητ’
1135 2695 1159 2736 r.
1175 2674 1222 2738 cf.
1233 2675 1264 2738 Z.
1277 2677 1332 2739 Ar.
1343 2676 1388 2741 Si
1395 2696 1424 2759 p.
1434 2675 1466 2737 16

456 2778 554 2842 schol.
571 2776 656 2855 Ald.)
681 2797 754 2841 cum
781 2776 833 2840 ΟΡ
938 2783 971 2841 ct
995 2778 1056 2841 107
1078 2797 1145 2861 sqq.
1530 2855 1531 2862 ἵ

370 2883 434 2945 140
459 2883 499 2947 ἂν
524 2883 583 2946 οὖν
608 2902 683 2945 cum
706 2879 774 2962 M†
1145 2881 1205 2945 οὖν
1229 2880 1268 2946 ἂν
1530 2871 1531 2959 l

364 2985 431 3047 230
455 2981 883 3067 lieraacudvoccumhld.††
1104 2983 1313 3066 ἐξῃκαεμὲνοε

368 3088 408 3150 27
413 3089 432 3150 8
458 3089 520 3163 ἐγὼ
547 3089 712 3163 ’νδείκνυμι
1068 3087 1131 3160 ἐγὼ
1156 3088 1354 3171 δείκνυμιῇ

367 3191 431 3253 289
456 3192 492 3254 τὸ
515 3196 619 3255 νῶτον
644 3209 719 3254 cum
743 3189 807 3253 MA
999 3189 1056 3254 τὸν
1080 3193 1185 3253 νῶτον
1208 3189 1319 3270 (νότον
1345 3189 1420 3275 R)†

364 3294 433 3354 346
458 3293 526 3357 ἀλλ’
540 3290 617 3358 οἷεθ’
629 3293 709 3372 ὅπερ
721 3295 884 3358 πέπονθα(
939 3291 1005 3356 ἀλλ’
1022 3287 1100 3356 οἷεθ’
1117 3291 1195 3370 ὅπερ
1215 3295 1412 3359 πεπονθέναι
1428 3313 1468 3370 μοι

458 3396 575 3460 ίοιυιιια
598 3395 744 3460 scholV
772 3395 841 3458 Ald.
939 3399 1042 3459 δοκεῖ(
1060 3392 1156 3476 (idom
1178 3395 1295 3459 lamma
1314 3396 1415 3460 schol
1424 3394 1468 3468 ih
1528 3401 1529 3436 l

939 3498 1056 3562 Verbis
1087 3497 1167 3576 ὅπερ
1198 3501 1398 3564 πεπονθέναι
1426 3516 1468 3574 μοι

940 3606 1043 3667 δοκεῖ(
1088 3601 1298 3685 pracferenda
1353 3601 1469 3665 videtur

939 3703 1034 3768 lectio
1054 3702 1139 3767 ΑΘΡ
1157 3702 1229 3766 Ald.
1250 3703 1268 3766 ό
1288 3725 1343 3782 μοι
1362 3723 1469 3767 πεπον-

940 3809 1028 3872 θέναι
1049 3811 1160 3872 δοκεῑε.
1192 3805 1239 3871 cf.
1256 3807 1288 3872 Z.
1308 3809 1368 3871 Ar.
1384 3808 1426 3872 Si
1446 3825 1468 3887 ρ.

941 3911 983 3973 58
1007 3929 1073 3992 sqq.

368 4015 433 4076 385
460 4018 610 4093 φλαῦρον
634 4034 707 4077 cum
732 4013 806 4078 Ald.
940 4017 1068 4092 φαῦλον
1092 4012 1133 4096 gl.
1147 4012 1194 4076 ef.
1211 4013 1243 4076 Z.
1257 4015 1312 4076 Ar.
1329 4011 1469 4097 Stoici.

368 4117 431 4178 437
459 4119 574 4181 aurulae
593 4117 644 4180 alt.
661 4117 759 4181 schol.
775 4137 849 4181 cum
867 4117 886 4180 Γ
1124 4117 1289 4200 «ariaci-l
1526 4193 1527 4200 ἵ

366 4220 434 4281 565
460 4219 643 4297 ρουιιμεοα
675 4239 749 4282 cum
777 4219 885 4283 arar
1001 4218 1199 4298 ρουιομεεοα
1220 4219 1334 4301 (aaa
1352 4219 1424 4302 vai
1526 4203 1527 4222 ¹

462 4320 566 4405 Ald.†

1513 4965 1525 5166 l
