3184 5234
320 465 365 528 40
752 469 869 526 Victor
888 470 1030 538 Goulon,

322 643 460 708 editores
498 643 632 706 formam
674 644 785 722 χροιὰν
823 646 1024 725 receperunt
1060 642 1150 720 Quae
1189 663 1263 708 oum
1298 645 1343 707 itu
1381 645 1455 724 sint,

322 767 516 831 quamquam
554 765 660 830 neque
700 747 800 826 χρόαε
834 765 941 828 neque
976 751 1086 826 χροιᾶς
1119 753 1219 811 metro
1250 747 1454 828 adversatur,

321 857 430 916 tumen
454 851 554 930 χρὸαε
577 849 684 933 s-V,
709 851 828 934 quippe
852 850 938 932 quod
959 851 1075 914 ueteris
1094 850 1261 915 codicibus
1277 855 1309 914 et
1324 849 1456 914 scholiis

323 953 546 1035 confirmatur,
577 973 651 1018 oum
682 951 845 1017 Meineliio
876 957 910 1016 et
931 952 1072 1016 Velseuo
1103 952 1150 1015 illi
1181 955 1290 1032 χροιᾶτ
1313 953 1342 1017 R
1364 971 1456 1035 pine-

322 1057 409 1121 ierre
432 1057 538 1120 velim.

411 1159 452 1223 In
475 1181 503 1223 v.
522 1159 608 1224 1085
627 1160 656 1224 R
676 1159 808 1224 exhibet
827 1158 943 1225 obveni
961 1179 1039 1224 ποτε
1058 1160 1117 1224 scri
1137 1179 1183 1224 εαι
1201 1162 1250 1223 καὶ
1269 1161 1326 1236 τὴν
1345 1159 1455 1238 τρύγα,

323 1262 421 1328 S-V
437 1281 517 1327 corr.
533 1263 714 1328 ειινεκττοτέ’
728 1262 788 1327 teri
800 1282 845 1327 τοι
861 1265 911 1326 καὶ
925 1265 983 1340 τὴν
999 1264 1106 1343 τρύγα,
1123 1261 1217 1326 sedV
1229 1281 1274 1345 pr.
1291 1281 1332 1325 m.
1349 1282 1455 1327 τυνειι-

322 1366 410 1430 ποτέ
430 1366 490 1430 ἐετί
512 1367 562 1429 καὶ
584 1366 642 1442 τήν
665 1367 764 1443 τρύγα
787 1385 830 1429 τε.
855 1364 985 1429 Seiibae
1010 1365 1136 1429 incuria
1158 1367 1194 1428 iu
1211 1364 1240 1428 R
1258 1363 1339 1428 illud
1363 1363 1457 1428 ούνε-

323 1469 363 1532 κύ
377 1489 453 1533 ποτε
477 1473 583 1531 ortum
606 1486 675 1532 esse
698 1470 793 1550 petet
817 1467 911 1530 Pn'or
926 1471 1034 1532 autem
1050 1467 1144 1531 lectio
1160 1467 1190 1528 V
1207 1469 1255 1531 καὶ
1278 1469 1335 1544 τήν
1354 1467 1456 1543 τρύγα

324 1591 356 1636 cs
379 1570 455 1635 inde
478 1573 553 1634 nata
576 1569 712 1652 videtur,
741 1570 828 1653 quud
853 1576 1015 1634 corrector
1038 1570 1089 1634 vel
1118 1571 1187 1653 ipse
1210 1569 1360 1634 libramus
1382 1588 1456 1653 pro-

324 1675 454 1737 nomine
482 1693 528 1738 τοι
557 1671 764 1756 indiligenter
791 1672 937 1756 neglecte
966 1693 998 1737 εε
1025 1671 1104 1737 falso
1131 1673 1165 1735 in
1190 1678 1333 1736 extremo
1358 1690 1456 1736 semu

324 1775 453 1840 addidit.
486 1777 596 1858 Atque
620 1795 696 1839 vern
718 1777 877 1859 scripturn
900 1797 946 1840 εοι
970 1779 1018 1839 καὶ
1041 1778 1099 1853 τήν
1122 1777 1220 1853 τρύγα
1243 1775 1277 1838 in
1294 1774 1325 1835 V
1340 1792 1456 1839 seeun-

325 1879 403 1942 dum
419 1879 597 1943 Velsenum
620 1899 638 1942 a
661 1879 755 1942 tertia
777 1898 877 1942 mauu
899 1879 1045 1942 restituta
1070 1881 1125 1942 est.

413 1981 452 2044 ln
476 2001 504 2044 v.
524 1982 609 2045 1110
633 1982 651 2059 ἡ
675 1984 796 2056 γλῶττα
826 1986 871 2064 τῷ
903 1984 1011 2060 κήρυκι
1040 1981 1164 2044 τούτων
1192 1981 1332 2059 τέμνεται
1356 1979 1384 2044 R
1412 1981 1457 2055 γί-

325 2105 410 2149 νεται
432 2084 572 2168 praebet,
598 2083 695 2147 s-V
719 2085 868 2165 τέμνεται,
889 2083 946 2148 sed
966 2083 1072 2147 addito
1095 2105 1142 2162 γρ.
1159 2086 1272 2159 γίνεται
1290 2085 1325 2146 in
1340 2103 1402 2164 mg.
1415 2082 1455 2145 V.

326 2248 377 2313 Ex
394 2268 457 2331 quo
475 2249 626 2332 colligere
637 2248 761 2314 lisetin
773 2249 948 2332 archetypo
960 2250 1080 2314 fuisse:
1103 2181 1251 2326 τέίμννεετταύι.
1276 2248 1323 2312 cf.
1335 2248 1459 2311 similes

325 2351 412 2416 loces
443 2354 477 2414 in
501 2372 529 2416 v.
548 2353 611 2416 596
636 2371 665 2434 ρ.
682 2354 724 2414 39
749 2358 781 2415 et
803 2372 831 2415 v.
849 2353 912 2415 271
939 2373 967 2434 ρ.
985 2355 1026 2414 55
1053 2357 1211 2416 secutos.
1235 2354 1344 2434 Atque
1370 2351 1460 2432 qnod

325 2456 461 2520 verbum
484 2458 597 2530 γίνεται
621 2454 809 2519 Diudoriius
833 2461 865 2520 et
887 2456 1045 2539 Bergkius
1068 2456 1209 2540 amplexi
1232 2458 1316 2536 sunt
1344 2474 1460 2519 vereor

325 2563 362 2623 ut
392 2565 479 2624 recte
501 2559 646 2623 fecerint
683 2559 776 2623 Certe
798 2561 940 2637 τέμνεται
963 2578 1091 2624 servare
1116 2563 1254 2643 praestat
1281 2579 1356 2624 cum
1379 2557 1462 2622 Mei·

325 2663 431 2744 uelde,
456 2663 512 2745 qui
534 2663 569 2725 in
585 2661 681 2725 Vind.
698 2665 752 2726 Ar.
771 2683 799 2745 p.
817 2663 880 2725 2‘23
905 2664 1046 2740 τέμνεται
1063 2663 1207 2727 defendit
1229 2663 1317 2727 hisce
1333 2661 1458 2726 verbis:

327 2765 432 2830 “Mihi
447 2767 626 2829 sententiae
649 2764 713 2829 loei
737 2765 832 2829 unice
857 2767 1031 2830 convenire
1055 2766 1184 2830 videtur
1205 2768 1354 2846 τέμνεται,
1371 2765 1458 2847 quod

325 2869 475 2950 ambigue
498 2869 621 2932 dietum
645 2873 701 2949 est,
718 2869 775 2932 sed
798 2874 835 2932 ut
858 2868 1065 2951 praecidendi
1088 2868 1139 2932 vel
1163 2868 1334 2932 excidendi
1359 2868 1460 2950 signi-

325 2972 435 3036 ficabo
459 2971 670 3054 praevaleat''.

415 3075 464 3139 De
495 3075 718 3157 discrepantiis
748 3073 844 3137 8-11
870 3095 889 3137 a
917 3074 945 3138 R
976 3075 1008 3136 in
1039 3073 1173 3155 reliquis
1203 3072 1322 3137 fabulis
1352 3071 1461 3136 fusius

327 3179 554 3262 disputandum
579 3178 671 3241 nobis
695 3180 841 3241 nonest.
