3058 5222
327 439 394 504 192
754 448 873 504 Victor
891 448 1035 517 Conlon‚

327 625 418 700 χοαῖς
430 626 486 684 aut
498 641 571 686 cum
585 621 744 686 Pauschio
757 621 806 700 (N.
817 621 927 686 Jahrb.
939 622 960 685 l
974 622 1087 687 Philol.
1101 623 1219 705 CXIII,
1234 625 1329 702 1876,
1342 643 1371 707 p.
1386 625 1450 700 208)
1521 707 1522 716 ¹

327 724 346 801 ἢ
370 725 457 803 παρὰ
478 725 593 790 Νείλου
613 729 769 805 προχοαῖς
792 725 997 790 scribendum
1022 728 1104 792 erit'
1123 729 1230 810 Atque
1250 726 1398 810 exempla
1417 747 1450 790 ex
1521 801 1522 818 χ

326 826 443 891 Aesch.
465 826 549 910 Sept.
567 829 632 890 374
661 827 736 905 παρ’
757 826 876 908 ύχθαις’
898 830 1063 908 ποταμίαις
1093 837 1125 895 et
1151 830 1247 914 Soph.
1267 831 1379 894 Iiach.
1397 833 1451 893 524
1521 822 1522 868 i

326 935 476 1008 τηλαυγεῑ
498 931 574 1009 παρ’
591 929 681 1013 ὄχθῳ
705 951 724 994 a
743 933 903 997 Panschio
926 932 966 996 ad
986 935 1204 998 coniecturam
1228 951 1319 996 suam
1344 933 1452 996 confir-
1521 908 1522 946 i

326 1033 474 1098 mandam
491 1034 584 1098 allata
603 1035 692 1100 hisce
709 1035 788 1099 locis
805 1055 924 1118 augere
944 1055 1128 1119 possumus:
1148 1036 1224 1100 Eur.
1241 1035 1289 1099 m.
1302 1037 1369 1099 863
1386 1036 1452 1113 παρ’

323 1138 468 1215 Ἀλφειοῦ
494 1137 645 1218 ῥεέθροις,
668 1137 740 1202 Ηολ.
757 1139 823 1201 256
846 1139 933 1216 παρὰ
957 1140 1154 1214 Σιμουντίοις
1180 1138 1288 1218 ῥοαῑςι,
1312 1138 1402 1219 Cycl
1417 1139 1453 1201 66
1521 1141 1522 1160 ’

327 1240 454 1317 κρήναις
485 1240 560 1318 παρ’
581 1241 784 1319 ὑδροχύτοις,
815 1241 907 1304 Pind.
928 1242 952 1305 Ι.
968 1241 1005 1322 V,
1026 1243 1069 1304 42
1096 1242 1211 1306 Καΐκου
1243 1241 1319 1319 παρ’
1342 1241 1454 1320 ὄχθαις,

326 1341 588 1423 BacchyltBlass
597 1343 701 1408 ed.lII
713 1344 875 1424 1904)ΙΗ,
883 1346 925 1408 20
933 1346 1020 1423 παρὰ
1034 1345 1203 1408 Καςταλίας
1216 1344 1455 1424 ῥεὲθροιςλ’,64

326 1447 413 1524 παρὰ
430 1447 581 1511 Κωκυτοῦ
599 1447 750 1526 ῥεέθροις,
775 1448 915 1530 denique
938 1449 1038 1511 nostri
1062 1447 1118 1511 Ra
1137 1449 1223 1510 1309
1240 1447 1315 1525 παρ’
1333 1447 1456 1511 ἀενάοις

327 1549 480 1626 θαλάςςης
493 1549 609 1627 κύμαςι.
621 1549 690 1612 Iam
712 1556 746 1613 ut
763 1549 803 1612 ad
822 1549 997 1615 locativum
1017 1549 1195 1628 redeamus,
1206 1549 1258 1613 hic
1271 1569 1366 1614 casus
1376 1548 1455 1613 haud

326 1669 397 1713 raro
418 1653 591 1734 usurpatur
614 1652 653 1714 ab
673 1652 814 1716 Homero
840 1659 872 1716 et
894 1653 1024 1734 tragicis
1043 1654 1175 1725 Atticis;
1199 1653 1346 1716 conseras
1366 1653 1456 1716 velim

326 1751 597 1818 Kuebner-Gerth
621 1754 674 1818 Gr.
692 1755 744 1818 Gr.
761 1755 813 1818 ΙΙι
839 1759 858 1834 ξ
882 1756 948 1818 426
978 1776 1006 1838 p.
1023 1756 1097 1818 441.
1133 1757 1240 1838 Atque
1269 1755 1458 1818 testimoniis

326 1856 372 1919 ibi
396 1859 557 1940 congestis
581 1857 698 1922 addere
722 1859 812 1921 iuvat
834 1857 910 1921 Eur.
927 1857 1044 1921 Bacch.
1063 1859 1104 1921 68
1128 1859 1172 1922 τίς
1198 1858 1281 1940 ὁδῷ;
1305 1859 1351 1921 τίς
1378 1859 1457 1938 dou:

325 1960 370 2022 τίς
394 1961 575 2038 μελάθροις;
605 1960 699 2044 Soph.
716 1963 791 2024 Ant
811 1963 896 2025 1079
928 1962 1057 2039 ἀνδρῶν
1080 1965 1238 2036 γυναικῶν
1262 1965 1326 2024 coit
1352 1961 1460 2039 δόμοις

327 2065 508 2142 κωκύματα,
531 2063 641 2127 Ττοοίι.
658 2065 722 2126 205
747 2064 979 2128 ἀνολολυξάτυι
999 2065 1119 2143 δόμοις.
1144 2063 1201 2127 Sin
1224 2070 1333 2126 autem
1351 2062 1459 2126 l'elsc·

327 2185 389 2230 nus
412 2166 446 2228 in
471 2165 516 2229 Pl.
535 2168 598 2229 725
624 2186 698 2231 cum
723 2166 819 2230 verbo
844 2169 1072 2245 ὑπομνύμενον
1097 2166 1240 2229 dativum
1264 2170 1330 2229 ταῖς
1355 2167 1460 2243 ἐκκλη-
1522 2213 1523 2250 η

328 2270 401 2332 ςίαις
417 2271 595 2351 coniunxit,
615 2290 746 2353 promus
761 2271 861 2334 falsus
877 2277 933 2334 est.
958 2269 1038 2347 Quis
1055 2271 1140 2334 enim
1157 2269 1300 2334 Graecus
1319 2289 1460 2351 unquam
1522 2251 1523 2330 i

328 2370 411 2434 dixit
422 2371 602 2449 ὑπόμνυμαί
614 2376 691 2438 nvi?
707 2373 819 2455 Itaque
832 2393 905 2437 cum
917 2373 1050 2437 Velseni
1067 2372 1162 2437 lectio
1175 2379 1258 2436 stare
1275 2392 1339 2434 non
1353 2373 1460 2454 possit

327 2492 456 2537 versum
481 2475 623 2538 sanaturi
651 2476 896 2558 proficiscamur
922 2475 962 2540 de
986 2495 1066 2539 voce
1090 2476 1321 2553 ἐπομνύμενον.
1360 2473 1461 2550 eram

327 2577 449 2660 primus
463 2577 618 2641 Girardus
634 2585 722 2644 recte
738 2580 773 2641 iu
785 2580 1013 2658 ὑπομνύμενον
1026 2578 1208 2644 emendavit
1224 2579 1314 2642 nisus
1327 2577 1462 2642 Polluce

327 2679 417 2760 VIII,
434 2681 493 2742 56:
514 2681 680 2761 ὑπωμοςία
699 2684 734 2746 δέ
754 2683 842 2762 ἐςτιν,
862 2681 940 2745 ὅταν
958 2702 1003 2745 τις
1022 2684 1041 2760 ἢ
1060 2685 1206 2760 ψήφιεμα
1224 2683 1243 2759 ἢ
1262 2682 1369 2756 νόμον
1387 2701 1463 2758 γρα-

327 2783 430 2861 φέντα
452 2786 609 2862 γράψηται
633 2785 678 2848 ιὺς
702 2784 935 2861 ἀνεπιτήδειον·
958 2788 1058 2848 τοῦτο
1083 2783 1143 2861 γὰρ
1171 2785 1390 2861 ὑπομὸςαςθαι
1415 2784 1462 2846 λέ-

327 2905 434 2960 γουςιν
458 2889 490 2948 et
507 2885 685 2968 Hyperidis
704 2887 810 2950 verbis
829 2886 878 2968 (tr.
897 2888 961 2949 202
984 2887 1020 2949 in
1038 2886 1137 2950 Blasii
1158 2885 1205 2950 od.
1221 2885 1271 2948 III
1294 2887 1394 2964 1894)
1414 2887 1463 2948 κοί

328 2990 397 3066 ἐμοὶ
417 2993 472 3067 μὲν
493 2989 647 3068 ςυμβάςης
666 2990 840 3067 ἀρρωςτίας
860 2993 908 3053 καὶ
928 2991 1156 3068 ὑπομοςθείςης
1175 2991 1290 3067 ταύτης
1313 2993 1370 3065 τῆς
1388 3009 1463 3066 rpu-

328 3095 393 3169 φῆς
417 3093 573 3171 ἀνεβλήθη
594 3092 613 3154 ὁ
634 3093 722 3167 ἀγιὺν
746 3094 780 3154 in
800 3093 897 3156 schol.
914 3092 954 3156 ad
974 3113 1002 3154 ν.
1019 3097 1164 3156 nostrum
1183 3090 1323 3175 prolatis.
1349 3090 1464 3172 Neque
1523 3149 1524 3198 p

328 3193 461 3256 dubium
479 3195 557 3257 mihi
569 3194 705 3274 ridetur,
722 3195 802 3277 quin
815 3215 919 3258 accus.
933 3195 1013 3277 plur.
1025 3196 1082 3259 τὰς
1098 3196 1257 3272 ἐκκληςίας
1274 3213 1350 3257 cum
1364 3194 1463 3257 verbo
1523 3205 1524 3238 ³

328 3296 555 3376 ὑπομνύμενον
583 3296 828 3380 coniungendus
857 3305 889 3361 ct
916 3315 1029 3361 versus
1058 3297 1106 3360 sic
1135 3295 1310 3360 vomendus
1339 3297 1398 3358 sit:
1431 3297 1466 3358 ut

328 3418 399 3462 mee
418 3419 514 3482 opera
530 3399 656 3463 desinas
673 3402 840 3464 contiones
857 3402 988 3482 eierare,
1007 3401 1027 3462 i.
1044 3419 1071 3463 e.
1088 3418 1146 3482 per
1161 3399 1346 3475 damnosius
1365 3400 1465 3461 inter·

328 3501 452 3582 cedere,
478 3523 519 3566 ne
541 3503 573 3564 id
599 3502 684 3584 quod
708 3503 741 3566 in
770 3502 975 3567 contionibus
1005 3504 1112 3584 agitur
1140 3500 1180 3564 ad
1210 3507 1364 3564 eventum
1393 3521 1465 3584 per-

328 3606 445 3668 veniat
470 3604 911 3670 0f.tern1inumtechnieum
937 3606 1087 3669 Latinum
1111 3605 1238 3668 “forum
1258 3605 1406 3668 eierare”
1431 3607 1464 3666 in

330 3706 495 3770 Ciceronis
518 3715 577 3771 act
601 3709 635 3770 in
654 3709 744 3772 Verr.
760 3708 811 3771 ΙΙΙ
834 3711 853 3790 §
880 3711 962 3772 137:
988 3708 1224 3790 “negotiatores
1257 3706 1320 3770 sibi
1348 3712 1466 3790 putant

329 3828 400 3874 esse
424 3815 518 3893 turpe
541 3810 574 3872 id
598 3811 703 3874 iorum
727 3811 789 3874 sibi
812 3813 959 3893 iniquum
984 3813 1115 3888 eierare,
1145 3809 1201 3872 ubi
1225 3809 1465 3892 negotientur”.

327 3911 441 3976 Totum
461 3916 567 3976 alitem
586 3913 692 3977 locum
713 3914 830 3996 optime
848 3916 1076 3996 interpretatur
1094 3913 1134 3976 H.
1150 3911 1329 3989 Holdenus,
1353 3913 1410 3993 qui
1432 3913 1464 3973 in

329 4015 533 4079 Onomastico
552 4017 786 4099 Aristophaneo
801 4036 825 4079 s.
836 4037 865 4078 v.
883 4015 1069 4094 Νεοκλείδης
1087 4015 1168 4079 haec
1183 4017 1305 4078 monet:
1323 4013 1466 4077 “Narra-

329 4123 382 4182 tur
401 4119 614 4201 Aesculapius
633 4118 820 4183 Neoclidcm
834 4123 929 4202 prout
947 4118 1132 4182 merebatur
1150 4135 1288 4197 curasse,
1308 4117 1464 4179 nimirum

329 4223 492 4286 cruciatus
516 4222 585 4285 eius
609 4225 641 4285 et
664 4223 850 4286 caecitatem
873 4240 1003 4304 augens,
1027 4240 1090 4302 quo
1115 4220 1240 4284 eiurare
1260 4221 1367 4302 posset
1386 4237 1465 4282 con-

329 4325 464 4405 cionem,
476 4325 605 4387 tiu—7
611 4327 662 4406 25,
675 4330 706 4388 et
718 4326 896 4388 caeciorem
907 4326 1002 4389 etiam
1020 4343 1117 4406 quam
1127 4328 1195 4387 erat
1206 4329 1280 4387 ante
1290 4321 1466 4386 reddens''.
