3084 5228
253 516 440 586 Quaestiones
460 516 573 572 criticae
593 516 622 570 in
641 515 837 585 Aristophanis
858 516 977 570 tabulas.
1115 509 1179 572 155

64 689 128 753 llur.
142 689 180 752 fr.
197 691 263 754 235
281 689 454 753 calebroc
471 688 501 752 δ’
518 687 633 765 ἀμαθία
650 689 753 752 δειλόν
769 688 799 751 θ’
816 688 887 768 ἅμα,
911 686 1050 770 denique
1072 693 1180 751 nostro

64 793 123 856 loco
136 793 271 856 similem
284 791 361 856 Elur.
373 791 493 855 Phoen.
506 793 568 854 597
584 794 689 856 δειλὸν
701 791 731 854 δ’
745 791 764 854 ὁ
777 795 918 856 πλοιῖτοε
933 793 982 855 καὶ
995 790 1180 870 φιλόψυχον

64 899 147 960 κακὸν
165 917 184 959 a
202 894 333 959 scholiis
351 894 492 976 allatum,
511 894 551 958 ad
571 913 667 976 quem
684 895 826 958 comicus
842 895 1023 977 respexisse
1043 894 1180 958 videtur.

64 1003 157 1082 Atque
184 1000 289 1084 legem
317 999 413 1080 illam,
442 1018 539 1081 quom
567 1017 663 1081 supra
692 999 1022 1080 commemoravimus
1051 1000 1181 1062 secutos

62 1103 187 1167 editores
209 1103 245 1166 in
263 1124 292 1166 ν,
311 1105 397 1166 1049
418 1102 484 1166 ἀλλ’
501 1101 676 1166 ἀκόλαετόε
693 1101 800 1184 (RMA
819 1102 927 1182 schol,
951 1102 1022 1165 -τὸν
1040 1101 1082 1182 V)
1101 1104 1180 1166 ἐετιν

61 1210 125 1271 τοδε
145 1207 286 1285 τρόπου(
309 1212 395 1270 recte
418 1207 586 1287 scripsisse
611 1205 664 1268 hic
687 1224 819 1268 monere
842 1205 946 1268 liceat

140 1311 177 1373 In
196 1331 221 1372 ιι.
237 1312 323 1374 1088
339 1329 405 1391 sqq.
424 1308 576 1388 βούλομαι
597 1307 601 1392 1
622 1309 725 1372 ἐλθὼν
742 1309 901 1372 ἀναθεῖναι
917 1310 992 1372 τοδε
1004 1309 1180 1387 ετεφάνουε

60 1413 153 1478 τούεδ’
174 1415 218 1478 ὼε
245 1413 297 1494 (R)
327 1413 391 1491 ἔχω
421 1412 455 1474 in
479 1411 509 1472 V
533 1411 728 1493 scholiisque
757 1412 814 1475 obt
842 1431 900 1493 pro
932 1413 977 1475 dic
1000 1409 1180 1475 exhibetur.

62 1515 306 1594 1111τ1οὓεέχιυ
335 1515 388 1579 νο1
416 1517 584 1598 propterea
611 1515 689 1578 terri
719 1514 839 1595 nequit,
868 1514 954 1596 quod
978 1514 1180 1577 scaenarium

62 1639 116 1682 non
140 1623 202 1694 est;
228 1637 365 1683 coronae
389 1619 476 1682 euim
499 1617 563 1680 iam
587 1618 620 1679 in
646 1637 673 1679 ν.
694 1618 775 1680 1041
804 1618 978 1696 στεφάνους
1001 1619 1036 1691 γέ
1059 1638 1107 1681 τοι
1132 1617 1181 1680 καῖ

61 1723 123 1802 δᾷδ’
139 1722 222 1800 ἔχων
248 1724 415 1800 πορεύεται
441 1723 740 1784 commemorantur.
778 1719 961 1783 Meinelrius
989 1720 1180 1803 scripturam

61 1824 84 1886 R
111 1825 142 1886 in
160 1825 256 1887 Viud.
276 1825 331 1888 Ar.
355 1842 384 1906 p.
402 1824 466 1887 222
496 1823 578 1886 bene
606 1823 653 1886 sio
677 1821 837 1886 defendit:
868 1823 1057 1887 “Postrema
1082 1822 1180 1886 verba

60 1927 126 1990 satis
143 1927 253 1992 ieiuna
270 1929 355 2006 sunt
379 1946 417 1990 no
441 1927 550 1990 nescio
574 1945 615 1988 an
639 1931 733 2008 poeta
756 1926 922 2008 scripserit
945 1928 989 1990 ὼε
1009 1925 1084 2004 ἔχω,
1104 1944 1180 1988 con·

60 2031 164 2108 testim,
180 2028 267 2112 quod
282 2030 437 2110 frequens
453 2032 501 2092 est
514 2027 738 2110 Aristophanis
755 2026 883 2091 dicendi
895 2047 1008 2110 genus,
1021 2027 1181 2110 habetque

61 2131 114 2195 hoc
138 2133 243 2216 ipsum
268 2132 345 2196 Rau.
368 2132 415 2196 01.
436 2132 517 2214 Equ.
534 2134 599 2195 488
624 2136 755 2208 πρῶτον
779 2130 808 2194 δ’
826 2132 870 2195 ὼε
893 2131 957 2210 ἐχιυ
987 2132 1043 2195 τάε
1067 2131 1182 2194 κοιλῖαε

60 2238 167 2301 καὶτὰ(
184 2237 340 2314 μαχαίραε
358 2236 465 2300 ἐνθαδὶ
482 2233 722 2311 καταθήεομαι”.
748 2232 818 2308 Quo
836 2233 893 2314 Eq.
907 2233 977 2297 loco
995 2233 1030 2296 Ο.
1047 2233 1181 2296 8οοοοί-

59 2337 146 2401 derue
169 2339 252 2402 mole
276 2339 314 2402 dc
333 2338 397 2415 ἔχω
414 2337 560 2401 coniecit.
586 2336 632 2400 cf.
651 2336 707 2417 uq.
727 2338 812 2399 1070
829 2337 866 2400 dc
882 2339 918 2399 δὲ
934 2340 1012 2400 ναιῖε
1033 2337 1179 2400 ἑκάετοτε

59 2441 125 2505 αῖτεῖ
145 2444 270 2521 ταχεῖαε
293 2441 534 2519 ἀργυρολόγους
558 2441 671 2521 obunci,
695 2441 811 2504 ταὺτα(
836 2441 963 2524 ἀπαυδᾷ
986 2444 1047 2504 κτλ.
1072 2443 1181 2522 Atque

59 2543 204 2608 lleiuekii
229 2544 276 2606 illi
301 2544 410 2608 versui
434 2543 490 2626 Eq.
508 2545 573 2606 488
598 2543 746 2606 addimus
769 2542 821 2606 Le.
839 2545 904 2606 316
928 2543 987 2607 οὐκ
1012 2539 1087 2607 οἶδα
1111 2544 1137 2608 ε’
1154 2543 1180 2608 ε1

58 2647 127 2728 τῇδ’,
151 2649 194 2712 ὼε
218 2648 294 2728 ἐχω,
318 2654 354 2730 τῇ
378 2650 515 2725 λαμπάδι
539 2646 704 2711 εταθεύεω,
738 2645 821 2710 Vide
845 2647 889 2708 sis
914 2646 977 2709 alia
995 2645 1181 2728 exemplos

60 2748 220 2830 Blaydesio
240 2751 274 2812 iu
290 2752 329 2813 A.
341 2749 373 2812 C.
385 2750 438 2812 Gr.
455 2771 484 2833 p.
498 2751 560 2813 139
578 2749 618 2812 ad
634 2749 684 2813 Ls.
699 2751 763 2812 316
781 2755 933 2833 congesta
949 2757 981 2814 et
996 2749 1180 2833 Krtigerum

59 2851 94 2914 nd
111 2853 254 2937 Xenoph.
275 2852 366 2916 anab.
381 2851 429 2915 IV
448 2855 475 2933 1,
498 2855 537 2916 10
562 2859 595 2916 et
616 2851 760 2934 Thucyd.
779 2853 829 2915 Ill
854 2855 905 2934 30,
925 2854 952 2914 1.
985 2854 1034 2915 Ac
1050 2872 1091 2916 ne
1107 2853 1182 2934 quis

59 2963 177 3038 propter
192 2958 250 3022 obt
266 2975 444 3039 pronomen
458 2955 564 3020 rodcb’
577 2960 650 3039 post
665 2956 901 3019 substantivum
916 2957 990 3020 τοὺε
1003 2956 1182 3033 ετεφάνουε

59 3061 186 3140 positum
202 3078 274 3123 esse
287 3059 458 3140 existimet
475 3059 618 3122 comicus
629 3059 664 3120 iu
677 3058 738 3122 hac
752 3078 830 3121 voce
842 3056 1029 3122 collocanda
1041 3056 1101 3120 sibi
1114 3076 1180 3121 nou

59 3165 198 3226 constitit.
227 3162 373 3226 Eandem
392 3183 488 3244 quam
507 3163 560 3226 bic
578 3162 770 3245 positionem
790 3162 888 3226 hebes
906 3163 940 3224 in
961 3161 1021 3225 Nb.
1039 3164 1103 3224 393
1122 3162 1180 3224 τὸν

59 3265 84 3325 δ’
98 3267 172 3344 ιἰἐρα
189 3265 279 3331 τόνδ’
292 3264 359 3330 ὄντ’
372 3266 552 3343 ἀπέραντον
570 3265 759 3347 pronomine
779 3265 913 3328 relativo
932 3284 997 3328 non
1016 3269 1179 3345 sequente.

141 3369 176 3432 ln
200 3389 229 3431 ν.
248 3369 335 3432 1148
360 3368 452 3434 ἔπειτ’
474 3370 640 3432 ἀπολιπὼν
663 3371 739 3432 τοὺε
763 3371 856 3432 θεοὺε
879 3368 992 3432 ἐνθάδε
1016 3371 1128 3444 μενεῖς
1149 3365 1180 3426 V

59 3471 233 3555 scholisque
248 3475 336 3536 recte
353 3472 469 3537 tutides
483 3471 645 3556 praebent
661 3473 1004 3536 Βένταυθοῖτιιιιιιοτῖα
1017 3471 1180 3554 neglectis.

59 3573 210 3640 Aduerbio
230 3577 354 3658 ἐνθάδε,
378 3577 536 3658 ἐνταυθοῖ,
560 3579 698 3640 ἐνταῦθα
718 3595 813 3659 saepe
833 3577 919 3639 inter
936 3593 971 3637 se
990 3574 1180 3638 commutari

60 3675 134 3741 (1ιι11.
153 3679 336 3744 Schmidius
356 3680 559 3763 (Atticismus
576 3680 599 3760 Ι,
618 3682 672 3760 01)
692 3682 824 3742 monuit.
852 3679 924 3742 Hoc
942 3679 1022 3759 loco,
1046 3697 1120 3740 cum
1140 3676 1181 3740 de

60 3782 204 3846 vocabulo
220 3785 367 3848 ἐνταυθοῖ
382 3803 524 3867 agamuS,
540 3803 605 3846 non
622 3782 761 3847 alienum
780 3784 830 3846 est
843 3780 923 3845 illud
940 3799 1079 3858 monere,
1095 3779 1180 3863 apud

61 3883 173 3948 Atticos
204 3885 288 3948 banc
317 3885 450 3948 formam
482 3905 641 3967 nusquam
670 3887 705 3948 in
733 3887 858 3949 ἐνταυθί
886 3882 1070 3947 mutandam
1100 3901 1180 3946 esse.

60 3983 201 4052 Conleras
226 3988 322 4052 velim
346 3988 560 4052 Meisterhans
585 3990 773 4071 ρ.141,11.
803 3989 914 4070 ltaque
934 3988 967 4049 in
987 3987 1046 4050 Nb.
1064 3988 1129 4048 814
1149 3987 1181 4048 et

61 4085 112 4171 l'p.
129 4093 213 4155 1442
233 4091 383 4156 ἐνταυθοῖ
401 4111 475 4155 ουτιι
491 4091 558 4172 RV,
577 4091 664 4154 idem
682 4091 717 4153 in
734 4091 814 4154 Ach.
830 4091 892 4153 152
912 4109 986 4153 cum
1003 4088 1088 4152 ABO
1105 4107 1180 4152 con·

60 4195 102 4254 tm
122 4195 257 4258 ἐνταῦθα
276 4193 313 4275 R,
336 4195 371 4258 in
395 4193 445 4258 Ls.
464 4195 537 4275 568,
558 4195 622 4256 570
643 4199 754 4256 contra
777 4194 900 4256 ἐνταυθὶ
923 4192 1045 4255 Reum
1064 4192 1180 4254 ceteris

61 4293 214 4361 codicibus
237 4297 443 4362 retinendum
467 4302 523 4361 est
551 4297 700 4378 Denique
719 4297 753 4358 iu
772 4296 828 4360 Ec.
846 4298 909 4359 532
935 4296 1064 4378 vulgata
1085 4295 1181 4358 lectio

60 4395 185 4464 ἐνταῦθά
211 4422 238 4464 τι
266 4401 301 4464 iu
328 4403 474 4465 ἐνταυθοῖ
496 4423 532 4482 τι,
560 4419 626 4464 non
653 4402 687 4464 iu
715 4400 842 4466 ἐνταυθῖ
863 4422 890 4464 τι
915 4399 1104 4482 corrigenda
1122 4405 1180 4462 est
