3084 5228
258 517 443 586 Quaestioncs
463 517 576 572 criticae
595 517 624 572 in
643 517 839 587 Aristophanis
860 517 978 572 tabulas.
1120 512 1182 574 151

66 711 128 754 curn
156 690 334 756 editoribus
362 689 443 753 illud
471 690 595 769 οἰμώξει
623 691 724 770 μακρὰ
747 691 782 752 in
804 692 864 753 Av.
887 691 969 754 1207
996 694 1028 754 et
1051 689 1098 754 Pl.
1120 693 1182 754 111

66 795 232 877 scripturae
264 794 323 858 RV
353 793 478 872 οἰμώξει
514 794 638 872 μακρὰν
669 793 840 876 praeferre.
888 793 991 870 Quam
1024 793 1185 876 siquidem

66 895 227 959 detondere
247 895 351 959 voluit
366 894 621 977 Kretsohmarus,
642 896 727 960 haud
746 891 874 960 soio‘an
891 897 1007 960 melius
1023 898 1070 960 sic
1084 897 1184 960 inter-

66 1005 195 1082 pretatos
210 1001 319 1082 fuerit,
343 1004 380 1065 ot
395 1001 464 1065 coll.
480 1001 534 1064 Th.
552 1003 615 1064 382
634 1003 755 1080 μακρὰν
770 1001 849 1082 (scil.
867 1000 965 1082 phtia)
989 1001 1071 1065 ἔοικε
1086 1001 1183 1066 λέξειν

65 1103 287 1167 substantivum
312 1104 453 1180 οἰμωγὴν
476 1102 735 1167 subaudiendum
759 1121 828 1166 6666
852 1101 980 1167 diceret

142 1207 240 1270 Initio
253 1227 281 1270 v.
296 1207 383 1271 1040
401 1205 497 1270 ὅτιτὸ
514 1210 665 1284 (ιδηρούν
681 1207 743 1271 trra
758 1210 861 1284 τεῑχοε
879 1208 928 1270 καὶ
943 1205 1038 1271 ξύλου
1056 1205 1184 1270 codices

65 1311 80 1372 δ
102 1313 199 1387 μόνον
221 1310 384 1393 praebent
418 1309 545 1392 Optimo
564 1311 636 1374 iure
653 1309 813 1373 Valsenus
832 1307 851 1371 δ
873 1329 901 1371 τι
925 1311 961 1373 τὸ
983 1311 1111 1391 scripsit
1129 1309 1182 1391 ita,

66 1419 94 1474 ut
118 1412 289 1477 delendum
321 1412 531 1476 arbitraretur
561 1413 663 1490 μόνον
694 1415 855 1494 tamquam
886 1411 1045 1494 glossema
1077 1411 1116 1474 ad
1147 1415 1182 1476 ἓν

65 1515 272 1580 antecedentis
300 1537 328 1579 ν.
356 1515 562 1599 adscriptum.
602 1515 709 1597 Atque
741 1515 827 1598 quod
858 1515 885 1579 R
916 1517 975 1580 ἐετι
1004 1519 1121 1596 τεῖχος,
1153 1515 1182 1578 V

64 1617 236 1700 scholisque
266 1619 370 1696 τεῖχός
398 1620 459 1683 teu
483 1617 645 1696 exhibent
676 1637 869 1700 quamquam
898 1620 1014 1681 neutm
1042 1616 1183 1681 lectica

64 1725 154 1784 metm
176 1721 335 1800 abhorret,
359 1725 465 1784 tamen
489 1722 682 1804 positionem
704 1719 876 1784 verborum
899 1721 933 1782 in
957 1720 985 1783 R
1008 1721 1181 1802 genuinam

64 1841 125 1888 esso
148 1843 304 1905 censeam,
335 1844 409 1888 curn
436 1825 463 1885 V
488 1829 519 1886 et
546 1823 670 1887 scholia
696 1825 730 1886 in
754 1823 816 1887 hoo
840 1824 1008 1905 aperitet
1035 1822 1182 1886 ordinem

66 1928 222 1992 verborum
243 1929 414 1992 invertisse
431 1929 509 1991 mihi
526 1928 697 1992 videantur
715 1933 810 2010 atque
829 1930 863 1990 in
882 1948 911 1990 ν.
931 1928 1003 2007 190,
1022 1926 1079 1990 ubi
1094 1929 1182 1991 τουτί

64 2051 92 2094 τε
113 2033 212 2108 μόνον
236 2052 254 2094 a
278 2033 421 2095 numeris
443 2030 584 2096 alienum
603 2051 661 2114 pro
680 2033 768 2095 τουτὶ
791 2032 892 2108 μόνον
911 2029 936 2094 ι’
954 2033 986 2092 et
1008 2031 1043 2092 in
1061 2050 1089 2092 ν.
1108 2031 1181 2111 508,

65 2133 112 2196 ubi
127 2134 184 2212 ἔπη
205 2135 354 2200 λέξοντα(
373 2155 429 2218 pro
449 2136 596 2200 λέξοντα(
615 2135 672 2212 ἔπη
691 2136 725 2197 in
742 2134 772 2197 V
791 2133 988 2216 scholiisque
1006 2133 1181 2198 insanibat.

64 2234 103 2298 Ci.
122 2237 216 2300 etiam
245 2237 323 2300 alias
351 2239 615 2321 transpositiones
644 2237 677 2298 in
701 2237 731 2296 V
755 2236 794 2300 ad
823 2235 880 2300 Αν.
899 2237 964 2300 692
989 2256 1018 2318 p.
1037 2238 1077 2299 57
1110 2256 1180 2319 pro-

64 2336 142 2402 latas
179 2340 248 2403 Iam
275 2359 352 2404 vero
383 2360 489 2422 neque
519 2341 662 2423 genitivo
694 2341 812 2420 ξύλων,
844 2341 900 2421 qui
928 2338 1025 2422 vulgo
1053 2339 1180 2422 legitur,

63 2459 159 2522 neque
188 2443 371 2506 accusativo
400 2443 503 2519 ξύλον,
534 2461 631 2524 quem
660 2442 689 2505 λ’1
721 2445 753 2506 et
779 2442 852 2505 Ald.
876 2441 1037 2525 praebent,
1069 2441 1181 2506 sensui

64 2542 137 2608 bene
165 2545 352 2608 consulitur.
389 2545 535 2609 Praestat
563 2549 648 2609 certe
676 2545 842 2626 Blaydesii
871 2546 1055 2608 coniectura
1085 2545 1180 2608 ξύλου

63 2647 239 2712 aZaohero
268 2649 301 2710 in
330 2651 454 2711 textum
482 2653 611 2731 recepta
639 2651 672 2710 et
698 2647 918 2712 Herwerdeno
946 2647 981 2709 in
1010 2646 1105 2709 Vind.
1126 2649 1180 2710 Ar.

63 2769 85 2830 p.
102 2752 141 2813 28
168 2750 307 2834 probata.
344 2751 392 2814 De
420 2752 509 2814 varia
536 2756 644 2815 autem
672 2750 809 2814 lectione
840 2753 967 2816 ξύλινον
995 2749 1180 2813 Brunolrius

62 2859 147 2933 recte,
170 2855 292 2936 opinor,
316 2853 479 2934 iudicavit,
504 2873 579 2917 cum
601 2852 748 2916 librarios
769 2851 989 2916 recordatione
1008 2853 1180 2916 verborum

62 2973 85 3014 v.
107 2957 186 3018 1040
209 2960 313 3034 τεῖχος
335 2959 464 3034 ποιήεαε
488 2957 613 3022 ξύλινον
637 2955 781 3019 turbatos
805 2975 877 3019 6666
904 2954 1033 3018 diceret

142 3059 178 3120 ln
203 3079 231 3122 ν.
254 3061 339 3123 1110
363 3059 501 3138 τρέχοιμ’
518 3058 557 3122 ἂν
581 3060 640 3137 ἢδη
665 3059 706 3140 (V
723 3057 921 3140 scholisque)
943 3058 1103 3136 πρότερος
1121 3077 1178 3141 pro

60 3159 115 3237 ἢδη
129 3163 160 3223 16
172 3162 200 3225 R
213 3163 283 3227 εἴευι
296 3162 448 3224 traditum
465 3168 521 3224 ost.
546 3161 747 3243 Quamquam
762 3163 878 3225 neutra
893 3162 1053 3244 scriptura
1064 3179 1178 3225 sensus

60 3264 111 3324 aut
131 3268 267 3328 metrum
290 3264 435 3344 violatur,
463 3268 569 3328 tamen
595 3264 693 3326 multo
722 3264 823 3346 magis
853 3283 949 3344 quarn
973 3263 1043 3328 εἴευι
1067 3263 1179 3327 adver-

61 3361 140 3428 bium
158 3367 218 3445 ἢδη
240 3367 318 3428 mihi
336 3367 449 3449 placet,
470 3366 555 3449 quod
576 3366 694 3448 optime
710 3367 861 3430 convenit
876 3364 1036 3429 sedulitati
1052 3368 1085 3429 et
1101 3365 1180 3429 adu-

59 3465 170 3551 lationi,
194 3489 259 3552 qua
278 3469 378 3532 Cleon
402 3470 575 3533 isiciarium
601 3488 752 3552 superare
776 3469 890 3532 studet.
922 3468 1067 3550 Accedit,
1091 3469 1178 3552 quod

60 3571 247 3650 probabilius
268 3576 318 3636 est
342 3593 453 3636 rocem
473 3573 555 3654 εἷτω,
580 3593 644 3655 qua
663 3593 772 3637 carere
791 3593 970 3656 possumus,
995 3573 1179 3656 explicandi

60 3692 155 3754 causa,
185 3694 250 3758 quo
279 3674 464 3758 Paphlagon
494 3695 626 3738 cursum
657 3676 838 3739 directurus
871 3679 963 3756 esset,
994 3678 1099 3739 textui
1123 3675 1177 3739 ad-

59 3777 201 3860 scriptam
220 3779 254 3841 in
276 3797 404 3842 versum
423 3780 585 3862 migrasse,
606 3798 701 3860 quam
720 3779 790 3860 ἢδη,
814 3779 899 3861 quod
921 3778 1081 3859 quomodo
1101 3783 1180 3842 tam-

60 3898 147 3960 quam
165 3883 324 3964 glossema
342 3883 376 3944 in
395 3885 521 3946 textum
541 3882 651 3946 venire
670 3883 810 3965 potuerit
827 3880 976 3963 equidem
993 3900 1056 3944 non
1075 3881 1178 3946 video.

141 3986 177 4049 ln
201 3986 393 4050 Ranarum
416 4005 445 4046 ν.
464 3987 527 4048 369
552 4005 619 4066 sqq.
640 3985 774 4048 ἀπαυδῶ
790 4022 833 4030 -
849 3986 1016 4051 ἐξίεταιθαι
1046 3987 1179 4064 ponam

59 4093 160 4163 χομοῑτ
178 4089 208 4152 V
231 4092 264 4152 et
279 4089 394 4152 lemma
414 4088 512 4152 schol.
531 4089 562 4149 V
581 4088 705 4152 τούτοις
725 4089 815 4152 αὐδῶ
834 4087 994 4170 praebent,
1010 4088 1039 4152 R
1054 4089 1179 4152 τούτοις

61 4185 184 4254 ἀπαυδῶ
201 4193 365 4273 expuncto
383 4191 427 4254 ἀπ
442 4191 621 4255 secundum
638 4190 824 4254 Volsonem.
856 4189 1048 4272 Blaydesiua
1067 4211 1086 4253 a
1103 4190 1180 4254 Vel-

61 4309 131 4354 6666
153 4295 287 4377 aliisque
307 4294 485 4359 editoribus
505 4295 639 4359 ἀπαυδῶ
664 4299 828 4376 receptum
849 4313 919 4358 esse
939 4295 1073 4357 miratus
1097 4293 1179 4357 haec

61 4394 290 4461 arrimadvertit:
320 4396 423 4473 “Quis
456 4397 542 4461 enim
575 4397 717 4461 Graecus
749 4417 892 4478 unquam
926 4396 1009 4460 dixit
1043 4397 1177 4460 ἀπαυδῶ
