3184 5234
320 468 510 537 Quaestioncs
530 469 647 524 criticae
666 468 697 522 in
715 469 913 538 Aristophanis
932 469 1054 525 fabulas.
1209 462 1249 525 69

115 643 267 722 soniana3
287 661 362 704 nam
381 647 605 725 praeterquam
627 639 715 722 quod
733 643 845 705 sensui
863 642 911 706 sic
930 643 1048 725 optime
1064 642 1250 724 consulitur,

114 745 213 809 facile
237 744 267 819 γ’
284 743 352 808 οὔτ’
376 744 410 806 in
433 743 521 808 τοῦτ’
545 742 632 807 abire
656 743 769 827 potuit

208 847 248 910 In
271 868 300 910 ν.
319 846 402 909 1047
431 846 567 925 ἐπίςχες’
592 846 688 910 εὐθὺς
711 847 771 924 γάρ
792 845 819 910 ς’
837 845 901 924 ἔχω
924 850 1019 924 μὲςον
1039 850 1147 926 λαβὼν
1169 845 1251 926 ἄφυ-

115 974 197 1018 κτον
213 951 273 1015 RV
288 951 480 1034 positionem
492 950 662 1014 verborum
681 971 714 1015 ςε
731 953 827 1030 μὲςον
844 952 907 1029 ἔχω
924 954 1031 1030 λαβὼν
1048 951 1174 1032 habent
1190 951 1251 1015 Sc'

115 1055 185 1134 ἔχω
203 1058 299 1133 μὲςον
315 1055 430 1134 λαβών.
456 1055 599 1137 Utraque
619 1055 779 1137 scripture
794 1059 895 1118 metro
911 1055 1112 1118 accomodari
1131 1056 1250 1138 potest;

114 1157 175 1222 sed
192 1177 265 1221 cum
282 1176 380 1239 prava
395 1158 438 1220 sit
454 1158 649 1220 constructio
662 1157 833 1221 verborum
845 1158 879 1221 in
891 1158 960 1240 RV,
976 1178 1041 1221 non
1054 1157 1165 1221 dubito
1178 1176 1252 1221 cum

116 1261 154 1324 G.
169 1261 365 1342 Hermanno
384 1259 556 1341 Mainalia,
576 1259 709 1342 Kocki0,
729 1259 799 1324 aliis
814 1261 984 1325 lectionem
1003 1260 1024 1324 S
1041 1259 1253 1324 deterioribus

115 1364 313 1448 quibusdam
325 1383 454 1447 quoque
467 1363 633 1428 codicibus
646 1364 844 1428 adservatam
858 1365 1027 1448 praeferre.
1047 1367 1153 1430 Mtcov
1166 1365 1253 1428 enim

115 1489 193 1533 cum
204 1469 487 1553 participiolussdrv
497 1467 759 1550 coniungendam
769 1474 825 1548 est,
835 1467 1046 1532 utverborum
1058 1468 1252 1532 constructio

114 1572 325 1655 grammatice
340 1571 388 1634 sic
403 1570 621 1653 intellegatur:
640 1571 705 1649 ἔχω
722 1590 756 1635 ςε
772 1569 926 1652 ἄφυκτον,
944 1573 1039 1649 μὲςον
1054 1570 1170 1650 λαβών.

210 1674 249 1737 ln
278 1695 308 1737 ν.
327 1674 413 1737 1256
443 1677 699 1752 προςαποβαλεῑς
732 1672 782 1751 ἄρ’
807 1674 888 1737 αὐτὰ
919 1677 1000 1752 πρὸς
1029 1677 1095 1738 ταῖς
1127 1675 1253 1738 δώδεκα

117 1777 254 1844 S—MA
274 1781 529 1856 προςαποβαλεῑς
550 1776 601 1855 ἄρ’
619 1776 781 1858 exhibent,
805 1777 834 1841 R
853 1780 902 1842 καὶ
921 1781 1173 1856 προςαποβαλεῑς
1193 1775 1253 1858 ἄρ’,

117 1883 149 1942 V
176 1885 225 1946 καὶ
248 1885 461 1960 προςαπολεῑς
486 1875 545 1960 ἄρ’.
570 1881 821 1944 Proficiscamur
844 1901 862 1944 a
885 1883 1045 1964 scriptura
1065 1881 1095 1942 V
1119 1879 1155 1943 G.
1171 1879 1254 1944 Her-

116 2004 240 2048 manno
256 1984 393 2067 probata
420 1983 509 2059 Quae
532 2003 728 2066 quamquam
753 1984 987 2067 quadamtenus
1012 1983 1255 2047 commendatur

117 2109 147 2152 ν.
170 2089 254 2151 1181
277 2086 432 2152 ἀπολοῦς’
450 2085 501 2166 ἄρ’
518 2085 590 2150 αὔθ’
610 2087 688 2168 (scil.
704 2088 743 2149 τὰ
761 2089 945 2169 πρυτανεῖα)
962 2087 992 2151 οἱ
1008 2091 1125 2170 θέντες,
1148 2093 1254 2151 tamen

117 2211 195 2256 cum
229 2189 323 2254 Dind.
355 2188 469 2271 Bergk.
502 2189 597 2253 Mein.
640 2189 711 2252 aliis
745 2194 998 2269 προςαποβολεῖς
1034 2189 1085 2267 ἄρ’
1116 2189 1255 2255 scribere

116 2299 270 2378 praestat
294 2292 375 2356 Nam
400 2292 558 2376 particula
582 2293 640 2374 καί,
666 2311 748 2374 quae
772 2293 833 2355 hoo
855 2291 926 2355 loco
945 2290 1095 2355 Latinum
1116 2291 1255 2356 “etiam”

118 2397 216 2477 valet,
240 2416 315 2460 cum
338 2396 377 2458 ad
403 2397 482 2459 αὐτὰ
501 2395 671 2459 referenda
689 2397 739 2476 sit
763 2402 836 2460 ante
855 2397 961 2478 ipsum
981 2415 1166 2479 pronomen,
1191 2416 1256 2460 non

117 2504 197 2563 ante
226 2497 360 2562 verbum
388 2499 537 2581 ponenda
566 2502 640 2562 erat.
675 2498 847 2562 Praeterea
874 2500 1002 2561 numeri
1029 2498 1178 2562 lectionis
1207 2501 1256 2562 καὶ

116 2606 376 2682 προςαποβολεῑς
407 2601 457 2680 dp’
482 2605 652 2684 anapaesto
683 2601 846 2682 dactylum
875 2601 1057 2684 excipiente
1085 2601 1163 2666 ferri
1190 2621 1256 2665 non

118 2711 266 2788 possunt.
290 2703 387 2767 Nulla
406 2723 481 2767 vero
507 2703 643 2768 offensio
669 2704 773 2768 estin
797 2703 904 2767 verbis
926 2708 1180 2783 προςαποβαλεῑς
1205 2699 1255 2782 ἄρ’

119 2810 352 2874 coniunctione
370 2812 419 2873 καὶ
435 2810 560 2872 omissa.
574 2808 619 2871 Cf.
633 2807 754 2871 similes
770 2807 858 2872 locos
874 2809 908 2870 in
924 2806 983 2871 Nb.
997 2809 1079 2871 1181
1100 2807 1255 2872 ἀπολοῦς’

119 2913 186 2994 ἄρ’,
204 2913 282 2976 Ach.
296 2915 360 2975 325
379 2911 540 2993 δήξομᾶρ’,
566 2913 630 2974 336
647 2913 775 2976 ἀπολεῖς
793 2911 852 2992 ἄρ’,
869 2911 919 2974 La
936 2912 1001 2973 452
1018 2910 1168 2984 γνώςεςθ’
1185 2910 1255 2992 ἄρα,

119 3016 179 3080 Pe.
198 3016 262 3078 532
282 3013 455 3095 κλαύςᾶρα,
479 3015 532 3078 Εο.
553 3016 631 3096 668,
655 3014 709 3076 Th.
726 3015 805 3095 248,
830 3015 908 3096 916,
933 3013 979 3077 Pl.
997 3015 1076 3095 876,
1100 3014 1170 3077 aliis
1195 3033 1255 3078 vsa.

214 3119 253 3182 ln
277 3139 305 3180 ν.
324 3119 407 3181 1277
423 3138 490 3200 sqq.
514 3121 551 3183 ςὺ
575 3121 611 3182 δὲ
634 3121 672 3196 νή
696 3121 754 3183 τὸν
778 3121 895 3198 Ἑρμῆν
920 3120 1202 3198 προςκεκλήςεςθαί
1226 3118 1255 3193 γ’

119 3224 200 3304 ἐμοί,
225 3223 250 3286 εἰ
274 3221 472 3300 μάποδώςεις
497 3222 668 3299 τάργύριον
691 3223 726 3283 in
749 3221 808 3284 RV
831 3241 888 3304 pro
912 3222 1196 3299 προςκεκλήςεςθαί
1220 3223 1256 3294 rt

120 3347 178 3404 μοι
207 3323 363 3406 (S-MA)
394 3321 511 3405 legitur
542 3325 790 3400 προςκεκλῆςθαί
822 3345 873 3402 μοι
907 3327 1021 3388 δοκεῖς.
1060 3323 1256 3406 Scripturam
1309 3357 1312 3364 =

120 3427 258 3494 S—-MA
285 3445 390 3490 veram
415 3445 484 3490 esse
507 3429 603 3509 patet
627 3428 690 3490 nisi
715 3426 801 3509 quod
824 3446 883 3510 pro
907 3431 1012 3506 νέμοι
1036 3427 1155 3491 rectius
1178 3428 1257 3490 scri-

120 3535 212 3596 bitur
234 3531 264 3605 γ’
281 3532 357 3609 ἐμοί.
382 3529 497 3612 Agitur
520 3531 606 3594 enim
631 3530 671 3594 de
694 3549 729 3593 re
752 3531 870 3612 futura,
894 3536 931 3593 ut
954 3550 994 3594 ex
1019 3530 1150 3614 apodosi
1170 3532 1255 3608 εἰμὴ

121 3639 303 3701 ἀποδώςεις
327 3634 498 3713 τάργύριον
522 3633 636 3697 elucet.
668 3633 856 3716 Corruptela
879 3638 986 3696 eutem
1010 3635 1043 3695 in
1066 3633 1126 3696 RV
1149 3652 1256 3696 errore

120 3739 246 3802 librarii
269 3737 369 3800 finem
393 3757 421 3799 v.
441 3737 527 3798 1276
547 3736 596 3799 bis
616 3736 857 3800 transcribentis
876 3738 932 3799 aut
949 3737 1077 3800 invecto
1101 3737 1257 3820 interpre-

121 3846 266 3905 tamento
290 3843 395 3904 dorcic
419 3838 537 3906 effecta
560 3844 616 3902 est.
636 3842 745 3921 Atque
768 3839 863 3922 lectio
880 3839 1013 3904 S-MA
1029 3838 1159 3902 scholiis
1183 3859 1257 3902 con-

119 3947 280 4026 firmatur,
305 3961 388 4026 quae
411 3943 551 4006 lemmati
569 3947 854 4022 προςκεκλήςεςθαι
878 3944 961 4007 hanc
980 3944 1105 4006 addunt
1126 3943 1257 4008 adnota-

121 4049 260 4111 tionem:
286 4049 362 4118 ἀντὶ,
377 4049 437 4110 τοῦ
459 4049 510 4110 διὰ
534 4047 703 4126 μαρτύρων
723 4048 916 4128 ἀχθήςεςθαι,
941 4048 982 4111 εἰς
1000 4050 1038 4112 τὸ
1060 4051 1255 4126 δικαςτήριον

122 4153 339 4229 κληθήςεςθαι.
359 4150 422 4213 ἀπὸ
443 4153 556 4214 κοινοῦ
577 4153 612 4214 δὲ
630 4153 668 4214 τὸ
690 4154 802 4213 δοκεῖς.
827 4149 878 4212 Ex
895 4169 959 4231 quo
976 4156 1106 4233 apparet
1123 4150 1257 4213 verbum

123 4260 229 4319 δοκεῖς
240 4253 344 4318 semel
361 4273 380 4316 a
395 4255 518 4317 comico
535 4252 712 4317 adhibitum
730 4273 809 4332 esse,
825 4253 860 4315 in
875 4254 942 4318 fine
958 4254 1081 4317 scilicet
1105 4273 1132 4316 v.
1152 4253 1254 4316 1276:

123 4357 270 4421 ςεςεῑςθαί
295 4369 348 4434 μοι
372 4360 484 4420 δοκεῖς.
