3176 5222
372 499 416 562 90
794 505 893 560 Joser
909 505 1084 574 AlbertuS,

372 677 422 742 καί
438 679 585 756 προεὲχει
600 679 659 755 τήν
674 681 814 759 γνώμην,
835 676 962 741 εὔνοιαν
979 677 1093 756 ἐχουεα
1110 677 1161 741 διὰ
1172 677 1395 753 τὸἈθηναίων
1411 674 1500 751 ἐχθοι

373 783 487 857 πρᾶξαι
512 779 594 857 ἡμᾱε
622 779 643 842 ἃ
666 779 866 858 ἐπινοοῦμεν.

463 882 654 948 Rhetorisch
668 883 784 966 spitzig
800 881 867 946 und
880 882 963 947 doch
975 881 1060 947 broit
1071 882 1112 945 ist
1129 880 1186 944 das
1200 881 1301 944 Motiv
1314 879 1504 963 angewandt

374 983 441 1048 und
449 983 709 1049 durchiihnliche
718 987 881 1050 erweitert
890 985 944 1050 bei
954 985 1135 1050 Lesbonax:
1155 982 1504 1066 ΙΙξΙθΚίοίιτδικαιό-

373 1089 627 1166 τητοκμέγατὸ
636 1088 1198 1167 ἀξίωμαδιιιαιότηιοε>τοίνυντὸδε
1206 1089 1243 1150 τὸ
1255 1087 1353 1164 ἔργον
1362 1089 1504 1150 πλεῑειον

374 1195 499 1274 μετέχει.
517 1197 637 1259 δίκαιον
651 1198 706 1272 μὲν
718 1195 832 1278 γὰρτῇ
844 1195 968 1273 πατρίδι
980 1195 1116 1276 ἀμύνειν,
1129 1196 1165 1258 ἐν
1177 1197 1196 1279 ᾗ
1209 1195 1376 1275 ἐτράφητε,
1391 1194 1504 1257 δίκαιον

375 1305 411 1366 δὲ
431 1302 526 1380 ἱεροί(
546 1306 706 1386 πατρῲοιι
730 1303 780 1366 καί
804 1304 935 1381 μνήματι
954 1305 1020 1367 τῶν
1036 1302 1217 1383 προγόνων,
1237 1303 1359 1365 δίκαιον
1381 1304 1418 1364 δέ
1435 1302 1504 1363 τοὺι

373 1411 511 1487 πατίραε
521 1409 619 1491 ὑμῶν,
630 1409 687 1488 ὑφ’
697 1409 743 1500 ὧν
753 1411 918 1490 ἐτράφητε,
928 1409 1241 1490 ἀντιγηροτροφῆεαι,
1252 1411 1377 1473 δίκαιον
1388 1411 1424 1472 δὲ
1435 1409 1504 1470 τοὺι

374 1520 495 1598 παῖδας,
512 1517 680 1597 ἐπειδήπερ
697 1517 842 1598 ἐφύεατε,
858 1517 1018 1598 ἐκθρέψαι,
1036 1519 1158 1580 δίκαιον
1177 1519 1213 1581 δέ
1231 1518 1359 1581 τούτων
1383 1517 1454 1579 τινὰ
1469 1516 1503 1590 μή

374 1622 537 1688 ἐλλείπειν.
561 1623 586 1688 εἰ
603 1626 638 1688 δέ
657 1645 700 1689 πε
718 1627 834 1704 εοφίαν
851 1624 1031 1706 ἐπιτηδεύει,
1046 1627 1083 1689 τὸ
1101 1629 1190 1688 νικᾶν
1208 1625 1396 1703 μαχόμενον
1413 1626 1504 1687 τοῦτο

375 1731 492 1809 εοφίαν
504 1731 679 1813 ἡγηιὰεθω,
697 1733 725 1795 εί
733 1752 769 1806 γε
784 1733 824 1796 οὐ
837 1734 943 1811 εοφὸν
958 1733 994 1795 τὸ
1008 1735 1128 1796 δοῦλον
1141 1727 1229 1812 εἶναι,
1240 1733 1276 1795 τὸ
1296 1731 1326 1795 δ’
1340 1731 1504 1807 ἐλεύθερον

376 1837 488 1917 ιοφὸν.
505 1837 620 1902 κάλλοε
633 1840 667 1902 ἐν
679 1845 747 1922 τιμῇ
760 1835 836 1904 εἶναι
851 1842 951 1918 δοκεῑ;
970 1839 999 1902 οἱ
1012 1839 1100 1902 αὐτοὶ
1112 1841 1220 1902 τοίνυν
1233 1838 1349 1916 ἄνδρες
1361 1839 1504 1902 νικῶντες

376 1945 408 2009 οἳ
424 1966 458 2009 τε
471 1945 559 2009 καλοί
575 1947 720 2010 καλλίουε
738 1950 889 2012 δοκοῦειν
909 1941 994 2026 εἶναι,
1012 1948 1044 2011 οἵ
1060 1967 1094 2011 τε
1113 1945 1232 2024 αίεχροί
1245 1945 1432 2024 δεινότεροι.
1448 1946 1504 2006 πᾶν

374 2052 436 2129 γὰρ
464 2054 501 2116 τὸ
526 2051 697 2129 ἐλεύθερον
720 2055 829 2118 καλόν.
864 2054 892 2119 εί
916 2074 960 2118 τι(
984 2055 1093 2118 τοίνυν
1117 2053 1274 2129 εὐγενείαε
1303 2054 1454 2134 βάεανοε,
1475 2051 1503 2112 ἐν

375 2162 460 2240 τῷδε
482 2166 528 2242 τῷ
553 2159 636 2244 ἔργῳ
661 2161 788 2238 μάλισα
812 2160 936 2226 ἐνειτιν.
961 2159 1042 2226 &nc
1061 2163 1119 2238 μὲν
1139 2163 1200 2239 γὰρ
1225 2155 1388 2238 πρότερον
1409 2162 1504 2224 δοκιὶν

375 2264 505 2342 εὐγενὴς
527 2268 589 2330 νῦν
613 2269 651 2345 μή
676 2271 799 2345 θελῆιαι
824 2269 1039 2350 διαμάχεεθαι,
1061 2269 1120 2345 τήν
1143 2268 1171 2331 τ’
1188 2269 1222 2332 ἐκ
1249 2269 1314 2331 τῶν
1338 2266 1504 2346 προγόνων

376 2372 584 2450 ὑπάρχουιαν
601 2374 780 2450 εὐγένειανά
796 2380 885 2441 πολεῑ
901 2379 966 2441 τοῑε
981 2397 1015 2440 ιε
1035 2375 1117 2439 παιιὶ
1138 2377 1319 2450 δυσγένειαν
1341 2375 1504 2450 ἀπολείψει

376 2474 458 2540 ὅετιι
482 2479 517 2540 δὲ
541 2477 576 2539 ἐν
599 2481 644 2560 τῷ
668 2477 753 2561 ἔργῳ
777 2477 861 2542 ἐεται
881 2477 959 2556 ἀνὴρ
980 2477 1105 2556 ἀγαθός,
1128 2480 1194 2540 τῶν
1212 2497 1245 2540 τε
1263 2477 1440 2554 προγόνων
1456 2476 1504 2550 τὴν

376 2576 492 2657 ἀρετήν
520 2581 625 2655 <τοὺε
649 2579 719 2643 καθ’
736 2580 864 2659 αὑτὸν)
889 2581 1058 2659 ἀναμνήεει
1079 2583 1147 2643 τοῑε
1171 2600 1205 2643 τε
1227 2579 1330 2643 παιεὶν
1355 2578 1504 2655 εὐγένειαν

377 2687 570 2762 καταλείψει·
593 2689 658 2750 τῶν
677 2688 739 2767 γὰρ
759 2687 794 2751 ἐν
812 2692 875 2752 τοία
892 2691 1005 2751 δεινοί(
1020 2686 1151 2765 ἀνδρῶν
1167 2686 1296 2762 ἀγαθῶν
1316 2687 1503 2764 γιγνομὲνων

377 2791 408 2854 οἱ
431 2795 541 2858 παῖδε(
564 2792 702 2869 εὐγενεῖ(
726 2797 917 2873 νομίζονται.

803 2956 833 3020 3.
857 2955 924 3019 Das
949 2955 1083 3035 εὺιεβέε.

469 3069 548 3134 Ζυτιι
562 3072 682 3136 δίκαιον
695 3073 764 3135 tritt
780 3072 836 3136 das
850 3073 982 3155 εὐεεβὲε,
998 3092 1092 3137 wenn
1110 3071 1162 3136 die
1174 3071 1295 3137 Pssicht
1311 3071 1372 3137 der
1387 3072 1503 3156 Tapfer·
1559 3055 1560 3078 ¹

379 3171 444 3235 keit
466 3172 670 3258 gleichzeitig
692 3174 739 3238 als
761 3173 1011 3258 Dankespflicht
1033 3195 1137 3259 gegen
1161 3175 1217 3238 das
1241 3174 1420 3240 Vaterland
1442 3175 1502 3238 hin·

377 3275 506 3357 gestellt
521 3275 609 3340 wird.
633 3276 672 3339 In
687 3276 882 3359 glzinzender
895 3277 1003 3342 Weise
1021 3277 1164 3342 erinnert
1181 3277 1292 3342 Nikias
1308 3276 1362 3342 die
1380 3272 1502 3340 Sohiffs-

378 3383 539 3441 matrosen
568 3377 635 3443 und
659 3379 949 3462 Nichtvollbiirger,
979 3380 1010 3444 οἱ
1037 3381 1118 3444 τὲωε
1136 3377 1290 3458 Ἀθηναῖοι
1314 3374 1501 3456 νομιζόμενοι

379 3481 429 3544 καὶ
451 3483 490 3558 μή
509 3479 610 3560 ὄντες,
636 3502 676 3545 an
697 3483 767 3546 ihre
785 3481 970 3545 Teilnahme
989 3501 1030 3543 an
1053 3481 1275 3545 athenischem
1291 3481 1422 3545 Wissen
1446 3474 1499 3541 und

379 3583 585 3647 athenischer
598 3581 726 3666 Kultur,
744 3605 808 3648 was
824 3584 870 3648 sie
884 3603 956 3647 zum
971 3581 1175 3667 Gegenstand
1192 3583 1249 3648 der
1262 3583 1501 3658 Βοντιιιιιίοτυυχι

378 3685 433 3748 fiir
454 3706 535 3768 ganz
558 3687 670 3750 Hellas
694 3688 821 3769 erhebe,
846 3706 901 3749 um
917 3685 963 3750 sie
987 3706 1028 3750 zu
1052 3684 1233 3750 dankbarer
1250 3684 1435 3769 Tapterkeit
1453 3701 1499 3746 ιιι-

378 3807 575 3872 zuspornen:
606 3789 703 3853 Τίιυο.
728 3789 798 3870 vn,
820 3791 911 3872 63,4
936 3789 1014 3855 ὥττε
1038 3791 1189 3854 κοινωνοὶ
1219 3789 1309 3869 μόνοι
1335 3789 1498 3864 ἐλευθέρα(

379 3893 450 3970 ἡμῖν
478 3897 532 3970 τῆ(
564 3893 663 3970 ἀρχῆε
688 3892 779 3957 ὄντε(
811 3895 937 3957 δικαίωε
969 3892 1066 3970 αὐτὴν
1094 3895 1155 3956 νῦν
1184 3894 1224 3970 μή
1252 3893 1496 3972 καταπροδίδοτι.
1558 3883 1559 3915 ³

380 4032 423 4041 —
441 3994 508 4059 Das
523 3995 708 4076 Vaterland,
731 3994 848 4059 dessen
871 4013 971 4078 gauze
987 3994 1140 4060 Existenz
1164 4014 1238 4058 vom
1257 3998 1429 4078 Ausgange
1451 3989 1498 4050 der

380 4096 531 4162 Schlacht
555 4099 702 4182 αδίιίίιιργί,
732 4101 880 4162 οτινιιτδολ
903 4097 955 4163 die
978 4097 1225 4162 Dankesschuld
1249 4098 1308 4162 der
1331 4091 1496 4180 Tapferkeit

380 4221 445 4265 von
477 4203 592 4266 seinen
627 4202 764 4266 Sbhnen.
810 4201 850 4264 In
883 4201 1105 4286 ergreifender
1139 4200 1294 4265 Rhetorik
1326 4195 1496 4265 verwendet

381 4303 492 4368 diesen
522 4306 619 4368 τόποι
648 4304 802 4386 Polybios
833 4325 891 4370 vor
921 4305 979 4370 der
1009 4304 1160 4370 Schlacht
1187 4303 1241 4368 bei
1273 4303 1418 4368 Cannae:
1446 4295 1493 4374 ΙΠ,

383 4409 492 4490 109,9
596 4406 701 4471 οὕτω(
729 4409 861 4474 ἑαυτοὺς
891 4411 1124 4488 παραττήιεεθε
1150 4408 1233 4485 πρὸς
1259 4409 1319 4486 τήν
1343 4407 1437 4484 μάχην
1458 4401 1494 4462 ὼε
