3058 5222
333 482 397 544 198
755 489 870 544 Victor
892 489 1036 557 Coulon,

330 658 371 724 od
394 660 448 724 Tb
471 663 544 742 554,
568 660 728 726 Abrensio
748 659 798 726 De
817 659 899 726 Diol
915 660 991 726 Dor.
1007 682 1037 745 p.
1055 663 1117 726 195
1143 661 1183 727 οὐ
1206 666 1340 742 χρῆοθα;
1364 669 1439 745 οηίηη

329 761 471 827 scribere
493 762 666 846 locumque
683 764 731 827 sie
746 765 886 828 vertere:
910 783 977 827 non
992 765 1042 827 vis
1057 764 1137 846 (scil
1153 765 1344 848 ςαοηιοίοα).ί
1361 764 1438 828 siles?

330 865 420 943 Quae
443 867 573 950 vulgato
593 868 689 932 lectio
714 868 814 933 multo
838 868 1016 952 simplicior
1038 871 1135 952 atque
1158 869 1317 934 sincerior
1339 872 1385 932 est
1398 869 1439 932 lu

329 969 369 1033 οὐ
393 974 514 1048 χρῆεθα
537 975 632 1048 αγῆν.

419 1073 457 1136 V.
470 1073 535 1136 966
552 1074 586 1136 in
603 1072 770 1139 codicibus
788 1075 836 1138 sic
857 1074 1042 1139 exhibetur:
1067 1073 1126 1139 οὐκ
1144 1074 1185 1138 ἂν
1206 1075 1249 1152 ρὰ
1265 1073 1319 1139 Δι’
1340 1074 1367 1138 εί
1384 1075 1439 1150 δοίη

327 1177 365 1250 γέ
387 1195 440 1254 μοι
461 1179 517 1254 τήν
542 1177 662 1241 ἀσπίδα.
690 1177 729 1240 In
753 1177 884 1241 scholiis
908 1178 988 1242 haec
1011 1176 1237 1242 inveniuntur:
1268 1177 1327 1241 οὐκ
1350 1177 1389 1241 ἂν
1408 1177 1441 1253 μδ

328 1276 380 1341 Δί’
397 1276 437 1342 οὐ
462 1281 566 1357 δοίην;
591 1278 638 1342 δτι
657 1279 706 1342 ἐπί
722 1279 868 1358 ὀψαρίων
888 1280 990 1358 μόνον
1005 1281 1124 1355 λέγεται
1143 1282 1180 1344 τὸ
1197 1280 1328 1363 (λέγεται
1342 1282 1379 1342 τὸ
1394 1299 1440 1342 om

327 1378 368 1460 R)
390 1382 535 1462 τέμαχος,
560 1381 609 1444 ἐπί
633 1384 669 1445 δὲ
691 1386 758 1446 τῶν
782 1381 890 1447 ἄλλων
913 1383 1012 1461 τόμος
1041 1381 1111 1447 οἷον
1134 1385 1243 1461 τυροῦ.
1274 1381 1316 1446 ut
1340 1383 1443 1446 lemma

329 1488 361 1547 et
383 1482 622 1548 adnotationem
646 1505 664 1548 α
687 1503 793 1566 versu,
817 1484 921 1568 qualis
945 1483 1113 1549 codicibus
1132 1483 1327 1566 adservetur,
1343 1484 1442 1547 abhor-

326 1605 399 1650 rere
422 1605 517 1650 nemo
541 1606 606 1650 non
627 1587 793 1671 intellegit
817 1587 949 1652 Lemma
968 1587 1050 1652 illud
1067 1588 1198 1670 quidem
1217 1588 1265 1651 sic
1283 1586 1443 1671 legendum

328 1695 389 1754 est:
414 1688 473 1754 οὐκ
497 1690 537 1755 ἂν
560 1691 604 1768 μὰ
623 1690 687 1775 Δί’]
712 1691 751 1754 οὐ
770 1693 870 1768 δοίην,
884 1693 922 1754 nt
937 1689 1034 1754 verbe
1053 1689 1094 1754 οὐ
1111 1693 1201 1768 δοίην
1216 1690 1376 1774 glossema
1391 1691 1444 1752 sint

327 1791 367 1854 ab
383 1792 558 1874 interprete
574 1792 770 1876 adscriptum
783 1797 959 1877 propterea,
975 1793 1061 1875 quod
1072 1793 1107 1856 in
1120 1812 1217 1858 versu
1228 1799 1336 1858 nostro
1350 1795 1444 1856 mente

326 1893 510 1958 addendum
534 1899 583 1959 est
605 1893 739 1958 verbum
764 1894 870 1977 dandi
895 1916 959 1978 quo
983 1915 1096 1960 servus
1118 1897 1154 1959 in
1177 1917 1205 1960 ν,
1222 1897 1287 1960 960
1304 1916 1372 1980 sqq.
1390 1897 1444 1960 bt's

326 2000 398 2062 λευε
420 1997 570 2077 Λάμαχός
594 2018 626 2062 (ε
641 2035 685 2044 -
702 2002 930 2077 μεταδοῦναι
948 2019 1028 2062 usus
1052 2004 1107 2064 est
1131 1999 1443 2083 Interpretamentum

326 2101 433 2163 eutem
458 2099 504 2163 ὅτι
528 2100 576 2164 ἐπὶ
592 2100 741 2180 ὀψαρίων
760 2105 831 2183 urb,
853 2121 917 2184 quo
933 2100 1184 2166 Rutherfordius
1198 2102 1375 2167 infeliciter
1388 2101 1444 2185 pel·

325 2201 429 2265 lectus
453 2207 511 2284 est
539 2208 577 2266 ut
599 2222 627 2268 v.
652 2204 717 2267 966
745 2204 780 2267 in
809 2202 1003 2285 quibusdam
1031 2203 1197 2268 codicibus
1225 2205 1272 2269 sic
1300 2204 1443 2268 traditum

325 2303 428 2368 luisse
452 2305 684 2388 suspiceretur:
710 2307 770 2370 οὐκ
790 2306 831 2371 ἂν
855 2308 898 2385 μὰ
913 2307 966 2371 Δί’
982 2308 1008 2372 εί
1024 2310 1095 2387 δοίη
1110 2308 1227 2388 τεμάχη
1243 2312 1299 2386 τῆς
1316 2308 1445 2388 demtos,

325 2405 366 2471 od
389 2428 418 2471 ν.
444 2409 505 2471 967
532 2412 662 2490 spectat
