3084 5228
776 551 893 606 Victor
912 551 1054 620 Coulou,

871 761 890 840 a
917 763 966 823 11.

439 890 598 967 Quoniam
628 888 857 971 discrepantias
887 889 1061 974 attulimus
1092 891 1131 956 de
1162 893 1202 956 iis
1232 911 1365 976 agamus
1393 893 1485 973 locis,

350 1011 431 1076 quos
454 992 606 1056 asterisco
628 991 864 1074 insignivimus.

438 1098 549 1178 Atque
581 1114 655 1158 cum
686 1094 726 1158 de
754 1093 872 1158 Suidae
900 1097 1038 1178 propriis
1061 1097 1230 1178 scripturis
1253 1098 1286 1160 in
1310 1097 1485 1180 Equitibus

349 1198 430 1262 nihil
453 1200 518 1262 iam
541 1196 714 1261 dicendum
738 1195 830 1261 nobis
853 1197 903 1279 sit
927 1197 1055 1261 initium
1078 1199 1243 1282 capiamus
1258 1220 1278 1264 a
1292 1200 1485 1264 Ranarum

349 1300 467 1365 fabula.
500 1300 599 1364 Cuius
623 1301 656 1363 in
680 1319 709 1362 v.
734 1301 799 1363 888
823 1297 913 1364 libris
937 1301 996 1364 hae
1019 1301 1216 1385 praebentur
1236 1303 1408 1368 lectiones:

480 1405 582 1468 ἐπίθες
606 1406 655 1467 καί
680 1405 718 1480 δή
743 1403 779 1466 cir
803 1405 979 1481 λιβανωτὸν
1003 1404 1167 1487 λαβώνΗ,

480 1507 583 1570 ἐπίθες
605 1507 713 1584 λαβὼν
738 1507 776 1581 δὴ
802 1507 851 1568 καί
866 1507 901 1569 cir
926 1511 1105 1585 λιβανωτὸν
1128 1511 1236 1586 λαβών
1258 1509 1297 1584 V,

480 1609 584 1673 ἐπίθες
608 1611 718 1686 λαβὼν
742 1609 780 1684 δὴ
806 1611 856 1672 καὶ
879 1611 915 1673 cb
938 1611 1115 1687 λιβανωτόν
1140 1610 1212 1694 ΑΜ,

480 1713 584 1776 ἐπίθες
608 1713 657 1774 καί
681 1713 716 1775 ςὺ
740 1713 779 1788 δὴ
804 1713 980 1789 λιβανωτὸν
1005 1711 1034 1776 S.
1533 1773 1534 1782 ,

439 1815 587 1880 Editores
603 1813 794 1903 indiversus
803 1816 909 1897 partes
922 1813 1100 1878 discedunt.
1113 1815 1317 1901 libitzschiua
1330 1816 1484 1898 Koclriuu
1533 1865 1534 1874 .

350 1919 518 2000 velserus,
528 1916 719 1998 Blaydosius
732 1916 836 1980 ἐπίθες
849 1919 1026 1994 λιβανωτὸν
1039 1919 1087 1982 καὶ
1099 1920 1134 1983 ςὺ
1146 1921 1185 1996 δὴ
1198 1921 1314 1999 λαβών,
1324 1921 1484 2004 Bergkius
1533 1957 1534 1978 ί

351 2027 384 2089 et
405 2022 588 2088 Meinekius
617 2021 719 2084 ἐπίθες
747 2024 855 2099 λαβὼν
880 2023 919 2098 bri
944 2025 993 2086 καὶ
1017 2025 1052 2086 ςὺ
1075 2027 1252 2102 λιβανωτὸν
1276 2027 1483 2109 seripserunt,
1533 2083 1534 2104 ,

349 2126 402 2190 alii
433 2126 495 2189 alia
518 2129 761 2206 temptaverunt
794 2125 916 2187 Ansam
940 2125 1139 2208 corruptelae
1162 2145 1233 2191 mea
1256 2127 1388 2210 quidem
1412 2147 1484 2192 sen-

351 2232 450 2294 tentia
466 2228 700 2293 substantivum
713 2231 892 2306 λιβανωτὸν
908 2228 1004 2292 dedit.
1030 2228 1122 2306 Quod
1140 2249 1212 2293 cnm
1229 2233 1262 2294 et
1276 2231 1317 2294 ad
1334 2233 1438 2296 ἐπίθες
1453 2239 1484 2295 et
1533 2219 1534 2282 l

351 2334 391 2397 ad
403 2336 510 2412 λαβὼν
521 2331 687 2414 pertineat,
698 2333 733 2394 in
742 2332 918 2415 archetypo
927 2331 1014 2396 haud
1026 2332 1202 2415 dubiopost
1211 2335 1316 2397 ἐπίθες
1326 2333 1483 2417 scriptum

352 2441 429 2518 erat,
452 2433 509 2498 sed
533 2454 551 2497 a
573 2435 782 2515 grammatico
807 2435 946 2516 quodam
970 2435 1009 2498 ad
1033 2436 1307 2500 constructionem
1326 2437 1482 2500 enuntiati
1533 2425 1534 2511 l

353 2537 575 2622 explicandam
591 2541 688 2617 atque
707 2535 928 2601 illustrandam
952 2538 1070 2601 iterum
1094 2557 1189 2620 supra
1210 2542 1318 2616 λαβὼν
1338 2538 1481 2602 additum
1533 2515 1534 2572 l

351 2647 409 2706 est.
432 2641 597 2704 Librarius
620 2645 729 2702 autem
751 2640 788 2720 R,
813 2659 886 2704 oum
910 2641 944 2702 in
968 2639 1143 2723 exemplari
1163 2658 1222 2703 suo
1240 2639 1363 2723 legeret
1382 2640 1481 2704 ἐπίθες

351 2809 529 2885 λιβανωτὸν
553 2807 602 2868 καί
625 2805 660 2869 cir
685 2807 723 2882 δὴ
733 2739 1142 2883 llllrllllllllvarlllllllmentrrm
1165 2807 1288 2869 variam
1310 2805 1480 2870 lectionem
1533 2835 1534 2852 ί

351 2911 403 2994 (of.
421 2909 628 2990 Brinlrmann,
649 2909 731 2972 Mus.
748 2909 850 2972 Rhan.
866 2909 968 2990 LVII,
989 2911 1085 2990 1902,
1103 2931 1132 2993 p.
1149 2912 1213 2974 481
1228 2913 1309 2992 sqq.)
1327 2911 1479 2993 priusque

351 3013 586 3077 substantivum
599 3013 777 3090 λιβανωτὸν
785 3011 959 3075 delendum
970 3031 1039 3076 esso
1047 3015 1135 3077 ratus
1143 3014 1191 3077 sic
1200 3032 1329 3078 versum
1337 3015 1475 3096 scripsit:

351 3117 455 3180 ἐπίθες
475 3117 524 3178 καί
540 3117 580 3193 δὴ
600 3117 634 3178 ςὺ
652 3118 831 3192 λιβανωτὸν
850 3118 957 3194 λαβὼν
977 3115 1084 3179 verbis
1103 3116 1138 3179 ςὺ
1158 3118 1198 3193 δὴ
1218 3117 1428 3198 transpositis,
1447 3120 1479 3176 ut
1533 3123 1534 3204 J

351 3217 1477 3301 numeriiarnbici‚quivocetrssuvurrbvposttrrieccdelatuturbatierant

351 3323 605 3385 restituerentur.
635 3319 749 3402 Neque
769 3340 846 3384 raro
862 3320 1089 3384 animadvertit
1103 3321 1253 3385 librarius
1269 3321 1331 3404 ille,
1348 3321 1476 3385 alterum

350 3423 465 3508 pedem
478 3425 527 3487 καί
539 3425 578 3500 δὴ
592 3443 611 3486 a
623 3423 749 3504 legibus
762 3425 899 3488 trimetri
910 3423 1039 3488 iambici
1052 3424 1233 3489 abhorrere.
1254 3424 1350 3488 Haud
1363 3425 1428 3488 scio
1440 3443 1474 3486 an
1533 3439 1534 3482 ;

351 3526 466 3591 Suidas
483 3545 612 3608 quoque
629 3526 820 3608 scripturam
832 3526 861 3589 R
873 3528 907 3589 in
924 3527 1035 3591 codice
1052 3546 1112 3591 suo
1123 3526 1238 3610 legerit
1252 3527 1359 3592 verbis
1376 3531 1473 3590 tamen
1533 3575 1534 3623 p

351 3631 386 3694 ςὺ
403 3633 442 3708 δὴ
460 3630 603 3694 nondum
621 3630 830 3712 transpositis.
855 3630 967 3712 ltaque
984 3651 1059 3694 cum
1075 3650 1187 3694 versus
1204 3637 1374 3715 corruptus
1389 3631 1471 3706 asset¹
1533 3661 1534 3720 3

350 3733 384 3796 in
409 3733 523 3796 ceteris
547 3732 712 3796 codicibus
736 3732 834 3796 verba
861 3735 1040 3811 λιβανωτὸν
1064 3737 1096 3798 et
1119 3738 1225 3813 λαβὼν
1254 3734 1365 3799 sedem
1391 3750 1472 3797 suam
1533 3775 1534 3784 ί

350 3842 557 3900 mutarerunt
579 3838 624 3898 ita
646 3835 786 3918 quidem,
809 3838 903 3900 utin
927 3837 1021 3900 Vua
1045 3837 1148 3902 ἐπίθες
1171 3840 1279 3916 λαβὼν
1303 3840 1342 3915 δὴ
1370 3838 1416 3900 καί
1441 3835 1471 3897 cb
1533 3849 1534 3870 ¹

350 3940 525 4018 λιβανωτὸν
549 3938 753 4004 scriberetur.
785 3939 845 4003 Oui
865 3940 996 4004 lectioni
1021 3960 1095 4004 cum
1114 3939 1143 4004 R
1165 3946 1365 4023 comparatae
1387 3939 1471 4001 libru—

349 4041 419 4105 rius
434 4041 463 4103 V
479 4042 513 4105 in
530 4042 597 4106 fine
616 4061 661 4105 vs.
678 4043 775 4106 stulte
792 4044 901 4121 λαβών
917 4043 1046 4106 addidit.
1070 4043 1237 4107 Habemus
1256 4044 1356 4126 igitur
1373 4045 1469 4104 nostro
1533 4059 1534 4064 ¹

349 4144 419 4208 loco
440 4147 689 4209 vetustissimam
708 4145 845 4227 glossam
861 4146 1109 4228 interlinearem,
1129 4165 1192 4228 qua
1206 4146 1348 4227 genuina
1367 4141 1468 4208 comici
1533 4223 1534 4238 χ

350 4247 449 4310 verba
468 4249 570 4311 ἐπίθες
592 4251 766 4326 λιβανωτὸν
786 4251 835 4312 καὶ
854 4251 889 4312 ςὺ
913 4251 953 4326 bri
974 4250 1083 4326 λαβὼν
1104 4250 1190 4311 varie
1207 4247 1380 4332 depravata
1395 4249 1466 4308 sunt
1533 4245 1534 4290 ί

439 4350 477 4412 ln
497 4350 527 4414 N
532 4350 662 4415 ubium
686 4371 715 4413 r.
734 4353 775 4414 58
800 4351 888 4430 δεῦρ’
906 4351 979 4428 ἔλθ’,
1001 4353 1056 4416 ‘lvo
1075 4352 1169 4434 κλάῃς
1193 4351 1222 4414 R
1240 4351 1370 4434 praebet
1391 4343 1466 4422 δεῦρ’
1533 4417 1534 4424 ¹

350 4453 426 4536 ἔλθ’,
451 4454 482 4514 V
501 4458 597 4536 δεῦρ’,
622 4453 643 4518 S
663 4453 751 4531 δεῦρ’
773 4453 820 4537 ἴθ’,
846 4474 944 4536 quam
966 4455 1138 4518 lectionem
1162 4453 1197 4516 G.
1217 4453 1418 4518 Hermannus
1438 4449 1465 4509 in
1533 4541 1534 4546 γ
