3084 5228
269 491 457 560 Quaestiones
476 491 592 546 criticae
610 491 641 545 in
659 490 856 560 Aristophanis
875 490 995 545 tabulas.
1134 484 1194 546 101

71 665 202 728 trimetri
226 663 353 727 iambici
377 663 517 726 alienum
541 681 654 726 sanare
678 667 811 726 conatus
829 661 1037 745 interpolator
1057 662 1199 727 familiae

71 767 149 830 ΑΒΓ
149 769 180 830 Δ
196 785 214 830 e
231 767 454 829 terminatione
470 765 561 828 verbi
580 766 657 844 ἴεχει
673 764 808 828 articulo
825 766 843 843 ἡ
859 766 1006 830 restituto
1022 771 1094 848 post
1108 765 1199 829 ούδὲ-

71 890 144 933 ποτε
156 868 344 952 particulam
361 868 390 942 γ’
406 870 551 932 inseruit
570 868 684 950 Itaque
701 887 775 931 cum
791 887 854 931 non
868 868 1010 950 habeam,
1027 889 1085 932 cur
1101 868 1199 932 verba

70 972 90 1038 S
119 971 319 1047 addubitem,
349 977 382 1034 et
411 971 544 1034 Elmslei
574 971 764 1054 scripturam
789 971 942 1035 οὐδέποτέ
966 971 996 1046 γ’
1015 971 1090 1050 ἴεχει
1117 972 1199 1049 θύρα

72 1075 217 1158 Berglrio,
240 1073 413 1155 Meinekio,
437 1073 618 1155 Blaydesio,
643 1073 715 1137 aliis
737 1073 902 1156 probatam
926 1082 959 1138 et
981 1074 1200 1138 coniecturam

70 1178 187 1254 οὐδεμί’
208 1177 250 1240 ἔτ’
270 1178 345 1255 ἷεχει
369 1176 450 1255 θύρα
473 1177 658 1259 nuperrime
681 1195 701 1238 a
722 1175 943 1240 Herwerdeno
967 1179 1000 1240 in
1025 1176 1120 1240 Viud.
1144 1179 1199 1242 Ar.

70 1301 97 1363 p.
113 1283 134 1344 3
159 1280 351 1364 propositam
371 1279 487 1356 teloio,
514 1297 649 1361 quarum
674 1279 761 1361 prior
778 1278 833 1342 illa
851 1279 904 1343 vel
922 1285 1093 1363 propterea
1111 1299 1200 1344 soru-

70 1384 181 1467 pulum
211 1383 288 1447 milri
318 1382 419 1464 inicit,
451 1382 536 1465 quod
567 1382 721 1446 articulus
749 1383 767 1460 ἡ
797 1381 899 1465 deest,
928 1383 1039 1464 altera,
1067 1383 1154 1466 quod
1182 1403 1201 1447 a

70 1487 238 1550 codicibus
260 1484 391 1550 recedit.

161 1590 200 1652 V.
212 1591 274 1653 301
294 1590 327 1652 in
344 1587 509 1652 codicibus
525 1589 572 1652 sic
590 1589 725 1670 legitur:
745 1590 810 1664 ἐγὼ
826 1595 987 1667 κατατεμῶ
1003 1593 1099 1653 τοῑειν
1115 1592 1201 1672 (τοῖα

69 1691 436 1775 amnemamnem
459 1691 531 1755 ποτ’
551 1692 582 1756 lc
601 1693 690 1770 (ποτε
708 1690 736 1753 Β
755 1711 801 1773 pr.
822 1691 865 1770 Δ)
885 1691 1058 1768 καττύματα
1077 1691 1201 1774 (κατάμ-

70 1816 149 1870 ματα
174 1793 219 1874 0).
244 1792 358 1858 Suidas
381 1813 406 1856 s.
423 1813 451 1856 v.
475 1794 611 1870 κάττυμα
635 1793 772 1876 profert:
797 1795 837 1857 bv
861 1795 924 1869 ἐγὼ
948 1797 1111 1871 κατατεμῶ
1134 1797 1200 1857 rot<

70 1899 211 1960 ἱππεύειν
224 1897 267 1960 εἰ(
282 1897 468 1972 καττύματα.
493 1895 598 1959 Schol.
611 1895 756 1959 adnotat:
774 1897 912 1960 ἐνταῦθα
926 1897 1017 1960 πάλιν
1034 1897 1202 1975 περιττεύει

68 2002 103 2063 τὸ
126 2001 207 2062 ποτὲ
236 1999 287 2062 διὰ
313 1999 371 2075 τὴν
402 1999 612 2079 μετραποιίαν,
640 2000 690 2060 καὶ
718 1999 760 2061 ἔτι
787 1999 868 2074 πρὸ(
898 2002 955 2077 τήν
983 1998 1139 2076 ἐξήγηαν,
1163 1997 1202 2061 ού

67 2107 144 2166 πατὲ
169 2103 272 2178 τέμνει
289 2103 346 2164 τὸν
367 2101 495 2164 Κλέωνα
513 2102 741 2182 Ἀριεταφάνητ,
765 2101 832 2164 ἀλλ’
850 2102 904 2166 ἀεί.
928 2102 1004 2165 Iure
1026 2101 1125 2183 igitur
1148 2100 1202 2163 ad·

70 2204 220 2268 verbium
243 2205 329 2278 πατὲ,
353 2201 438 2285 quod
463 2203 557 2266 etiam
582 2200 697 2266 Snidas
721 2222 784 2266 non
804 2205 943 2286 agnovit,
966 2203 1006 2266 ab
1026 2203 1203 2268 editoribus

67 2307 211 2370 deletum
237 2309 293 2369 est
316 2305 430 2369 Totum
453 2311 560 2371 autem
585 2324 712 2369 versum
733 2306 901 2388 Bergkius,
924 2305 1125 2387 Blaydesius,
1149 2304 1203 2368 alii

67 2410 261 2494 pronomine
280 2408 344 2483 ἑγῶ
361 2411 464 2473 eiecto
483 2410 530 2473 sic
549 2411 763 2491 scripserunt:
789 2413 950 2486 κατατεμῶ
966 2413 1061 2473 τοῖαν
1080 2409 1204 2472 ἱππεύει

68 2515 257 2588 καττύματα.
282 2511 464 2576 Meinclrius
479 2519 591 2575 contra
613 2513 646 2574 in
664 2510 759 2575 Vind.
776 2516 831 2575 Ar.
849 2532 877 2595 p.
897 2515 916 2575 6
932 2531 1082 2576 monens:
1107 2511 1203 2576 “Fre-

66 2616 282 2698 quentissime
297 2615 518 2697 Aristophanis
536 2615 663 2680 codices
679 2616 855 2698 composita
871 2615 990 2679 habent
1008 2635 1066 2699 pro
1082 2614 1202 2698 simpli·

65 2719 168 2782 cibus.
196 2717 259 2781 Hic
273 2718 402 2799 quidem
415 2722 578 2796 κατατεμῶ
595 2718 634 2781 ab
650 2719 690 2782 iis
701 2718 826 2781 illatum
840 2723 915 2800 erat,
932 2718 1049 2800 quibus
1065 2718 1203 2801 simplex

66 2842 130 2884 non
156 2825 285 2884 rectum
308 2820 494 2885 videretnr''
512 2821 577 2896 ἐγὼ
597 2826 705 2885 tuetur
723 2822 958 2905 praepositione
977 2843 1068 2886 κατα·
1092 2823 1201 2885 eiecta

66 2925 196 2989 Neutra
220 2923 315 2988 lectio
345 2945 363 2986 a
394 2943 491 2988 sensu
515 2923 680 3002 abhorret;
714 2943 812 3006 quare
844 2924 1010 2987 videamus
1038 2943 1098 3007 ope
1126 2925 1203 2988 artis

65 3029 225 3092 metricae
241 3026 370 3096 adscita
387 3033 459 3089 utra
475 3026 686 3109 praeferenda
708 3027 757 3088 sit
775 3025 932 3089 Versibus
954 3027 1128 3090 299-301
1154 3044 1203 3090 re·

66 3129 236 3212 spondent
259 3147 319 3192 vss.
337 3130 523 3192 344-346.
553 3129 614 3206 Qui
640 3130 735 3192 hosce
758 3129 912 3212 praebent
934 3148 1101 3192 numeros:

223 3247 286 3308 299
322 3297 342 3306 -
358 3283 825 3308 ooooooooooooo

223 3349 289 3410 344
323 3387 787 3412 .............

182 3461 190 3584 1
222 3450 287 3512 300
322 3473 421 3514 ,υς
431 3489 865 3516 oooooooooooo
897 3469 960 3516 sec.
980 3451 1077 3515 Mein.

323 3555 1051 3638 -o--ooo-ooo-ovsec.Berglr.

180 3593 193 3723 4
223 3657 287 3718 345
582 3708 602 3716 -

183 3768 192 3891 Ι
223 3759 286 3822 301
323 3797 710 3821 ...........
725 3783 750 3820 o·
788 3777 850 3822 sec.
870 3759 967 3824 Mein.

324 3899 750 3926 oooooooooooo
764 3887 791 3923 v
826 3882 888 3927 sec.
906 3864 1020 3947 Bergk.

181 3901 194 4031 l
224 3966 289 4028 346

67 4069 133 4134 nes
160 4069 235 4151 ipsa
256 4066 399 4149 loquitur
420 4086 478 4150 pro
502 4065 656 4130 Meinelrii
681 4068 815 4132 ratione.
847 4067 917 4146 Qua
940 4075 973 4132 et
994 4069 1029 4130 in
1053 4069 1207 4132 extremis

68 4191 132 4236 vas.
155 4171 225 4235 300
250 4177 282 4234 et
306 4172 369 4233 345
395 4171 508 4234 cretici
532 4169 642 4234 eodem
671 4169 765 4234 modo
795 4171 940 4234 dissoluti
965 4171 1154 4235 efficiuntur
1176 4173 1209 4234 et

67 4275 164 4338 initio
199 4293 228 4336 v.
246 4274 308 4336 301
336 4275 461 4337 numeri
485 4274 520 4335 in
539 4311 562 4334 o
577 4309 600 4335 o
614 4311 637 4334 o
652 4319 673 4331 .
702 4273 848 4336 dissoluti
872 4275 1022 4356 vitantur,
1042 4275 1098 4356 qui
1121 4293 1140 4336 a
1162 4279 1208 4337 te·

66 4383 228 4442 t'rametro
252 4377 373 4441 cretico
397 4375 480 4440 bene
503 4377 684 4460 profluente
706 4395 837 4459 prorsus
860 4376 955 4440 alieni
979 4380 1063 4441 sunt

999 4702 1070 4732 Lm
