3184 5234
321 485 507 554 Quaestiones
526 483 643 540 criticae
660 483 691 538 in
709 483 906 553 Aristophanis
925 482 1044 539 tabulas.
1207 477 1247 540 31

108 658 277 742 praebent,
306 676 381 722 cum
410 657 446 720 in
473 657 622 737 sequenti
650 675 747 720 versu
774 657 880 721 εἵνεκα
907 653 1106 720 exhibeatur.
1146 654 1249 732 Quam

109 781 238 843 rocem,
261 780 337 827 cum
355 760 491 823 formam
511 758 637 840 οὔνεκα,
662 761 698 822 ut
717 761 763 822 ita
781 758 895 841 dicam,
915 758 1138 840 subsequatur,
1163 765 1249 824 certe

109 864 315 949 grammatici
339 863 391 927 vel
413 862 544 944 librarii,
568 863 596 925 si
621 863 655 926 in
679 882 718 928 ea
741 861 962 942 offendissent,
985 862 1019 925 in
1039 861 1156 927 οὕνεκα
1180 882 1250 926 mu·

109 969 280 1033 tavissent.
297 967 412 1050 Itaque
425 985 499 1031 cum
516 970 548 1030 et
563 965 681 1030 οὕνεκα
696 970 728 1030 et
740 967 845 1030 εἵνεκα
856 963 1121 1048 inscriptionibus
1134 965 1249 1031 Atticis

108 1072 170 1136 VL
187 1072 227 1136 V.
243 1071 299 1136 IV.
320 1091 402 1136 saec.
424 1091 451 1135 a.
469 1069 541 1134 Chr.
561 1090 592 1134 n.
617 1069 838 1151 confirmetur,
857 1068 938 1156 illud
962 1068 1042 1132 mihi
1058 1087 1248 1152 persuasum

111 1180 180 1240 est:
205 1194 312 1257 neque
335 1173 452 1238 οὕνεκα
473 1191 581 1255 neque
604 1173 710 1237 εἵνεκα
731 1191 770 1236 ex
789 1171 1013 1256 Aristophanis
1033 1171 1150 1236 fabulis
1173 1174 1249 1236 eici-

111 1277 236 1344 endum
260 1295 341 1359 esse,
365 1276 421 1341 sed
444 1275 485 1340 iis
507 1274 596 1357 locis,
620 1274 739 1358 quibus
761 1274 821 1340 RV
844 1275 878 1338 in
900 1295 966 1339 una
988 1275 1127 1341 alterave
1147 1276 1249 1340 forma

112 1380 301 1445 exhibendo
316 1379 531 1460 consentiunt,
550 1396 620 1442 eam
640 1397 722 1460 quae
745 1377 796 1440 his
814 1377 905 1441 libris
924 1378 1097 1443 exhibetur
1113 1378 1248 1442 formam

110 1481 317 1547 retinendam
340 1499 419 1563 esse,
442 1480 507 1544 nisi
530 1479 611 1545 forte
634 1481 778 1544 numeris
802 1480 997 1545 adversatur.

205 1585 412 1666 Inquiramus
439 1584 541 1666 igitur
567 1584 602 1646 in
626 1582 770 1667 singulos
794 1582 890 1664 locos,
915 1583 1032 1666 quibus
1056 1589 1088 1647 et
1110 1583 1139 1648 R
1162 1589 1194 1648 et
1218 1585 1248 1644 V

111 1688 165 1752 vel
181 1688 206 1750 ii
223 1689 280 1770 qui
296 1706 353 1770 pro
366 1685 396 1747 V
409 1697 485 1749 sunt
500 1685 629 1750 codices
645 1705 742 1749 unam
756 1686 927 1751 alteramve
938 1686 1072 1750 formam
1086 1687 1247 1772 praebent.

110 1790 242 1856 Οὓνεκα
266 1790 307 1852 22
315 1785 351 1830 ¹⁰⁸
368 1789 520 1852 traditum
540 1806 612 1854 esse
633 1807 731 1873 supra
751 1791 943 1854 monuimus.
968 1789 1092 1867 Quibus
1110 1792 1151 1855 22
1169 1791 1248 1857 locis

109 1899 243 1978 praeter
260 1892 321 1957 Nb.
338 1894 412 1974 238,
432 1892 487 1956 ubi
503 1891 649 1958 Bentleio
665 1895 797 1957 auctore
813 1892 893 1957 ἕνεκ’
908 1911 967 1976 pro
984 1893 1089 1958 οὕνεκ’
1105 1877 1248 1960 scriben-

109 1995 194 2060 dum
215 2003 272 2078 est,
295 2014 337 2060 ne
357 2015 456 2080 prava
476 1997 639 2079 anapaesti
659 1997 777 2060 incisid
794 1996 853 2060 fiat
875 1995 926 2078 (ci.
943 1996 983 2060 ad
999 1996 1058 2061 Nb.
1077 1998 1118 2061 62
1143 2018 1171 2082 p.
1185 2001 1248 2082 93),

111 2099 197 2164 haec
219 2099 321 2163 forma
344 2099 487 2164 numeris
511 2099 806 2164 accomodatissima
829 2101 878 2163 est
901 2104 933 2162 et
951 2098 1073 2181 ubique
1092 2103 1129 2164 ut
1144 2102 1249 2166 εἵνεκα

110 2204 148 2265 in
171 2203 277 2285 prima
299 2201 424 2284 syllaba
445 2202 547 2266 ictum
569 2202 741 2266 metricum
764 2202 868 2266 habet.
894 2201 999 2284 Atque
1023 2203 1119 2268 etiam
1142 2205 1248 2268 εἵνεκα

114 2306 156 2368 11
183 2304 271 2386 locis,
296 2305 413 2387 quibus
437 2309 470 2370 et
493 2307 528 2369 in
543 2304 572 2369 R
588 2311 620 2370 et
642 2304 675 2367 iu
692 2304 720 2366 V
737 2305 789 2368 vel
813 2306 853 2368 iis
878 2306 933 2388 qui
949 2324 1007 2389 pro
1025 2307 1053 2369 V
1069 2314 1145 2370 suut
1161 2307 1248 2372 codi-

109 2408 208 2472 cibus
226 2408 405 2489 exhibetur,
429 2411 530 2473 metro
554 2409 687 2472 minime
708 2411 869 2492 repugnat
889 2415 1025 2492 excepto
1043 2409 1102 2493 Vp.
1119 2429 1165 2474 vs.
1182 2411 1247 2474 886

109 2513 231 2576 νέαιςιν
260 2512 370 2590 ἀρχαῖς
399 2513 505 2576 εἵνεκα
534 2516 600 2575 τῶν
629 2514 903 2590 προλελεγμένων.
939 2510 1011 2590 Quo
1041 2514 1076 2576 in
1104 2514 1247 2578 trimetro

108 2615 254 2680 iambico
276 2617 406 2679 tertium
430 2613 541 2696 pedem
566 2615 696 2694 ἀρχαῖς
724 2617 829 2680 ἕνεκα
852 2614 1062 2680 scribendum
1086 2635 1156 2682 esse
1183 2619 1247 2681 iarn

107 2719 277 2802 Reisigins
301 2719 388 2782 vidit.
425 2718 471 2783 cf.
495 2719 573 2783 alios
602 2720 763 2783 trimetros
786 2719 949 2800 iambicos,
974 2720 1031 2783 ubi
1054 2721 1138 2784 ictus
1162 2724 1248 2786 tertii

107 2822 207 2906 pedis
217 2823 294 2886 item
304 2823 337 2885 in
348 2822 451 2906 prima
459 2821 583 2904 syllaba
591 2822 767 2906 particulae
779 2823 871 2886 ἕνεκα
881 2823 1004 2905 positus
1015 2829 1077 2886 est:
1092 2823 1152 2888 Nb.
1161 2825 1244 2889 1217

108 2926 168 2988 ὅτε
191 2929 258 2988 τῶν
281 2925 418 3001 ἐμαυτοῦ
442 2924 471 3000 γ’
488 2927 582 2989 ἕνεκα
604 2928 674 2990 νυνὶ
697 2925 875 3006 χρημάτων,
899 2923 946 2988 Pl.
965 2926 1027 2988 177
1045 2926 1194 3004 Φιλέψιος
1217 2929 1246 2992 δ’

108 3028 175 3106 οὐχ
204 3029 295 3091 ἕνεκα
323 3031 380 3092 ςοῡ
409 3028 528 3107 μύθους
558 3029 656 3106 λέγεις
685 3027 740 3092 Ec.
764 3029 828 3091 170
853 3025 931 3104 obiri
955 3029 1017 3107 γὰρ
1041 3030 1129 3106 ὑμῶν
1154 3032 1247 3095 ένεκα

107 3151 164 3209 μοι
191 3131 289 3195 λέξειν
313 3133 410 3212 δοκῶ,
441 3131 505 3194 367
531 3129 625 3195 οὗτος
648 3131 709 3206 γὰρ
734 3131 815 3209 ἀνὴρ
839 3131 931 3194 ένεκά
959 3151 994 3205 γε
1018 3134 1246 3210 ςτεναγμάτιιιν.

204 3232 381 3316 Pergamus
404 3233 481 3297 od9
507 3251 562 3298 eos
585 3232 682 3314 locos,
707 3232 825 3316 quibus
849 3232 979 3297 codices
1000 3234 1130 3298 invoco
1154 3237 1246 3301 ἕνεκα

106 3335 298 3400 exhibenda
321 3337 406 3400 inter
428 3355 463 3401 se
487 3336 697 3400 dissentiunt:
724 3336 743 3398 2
766 3335 846 3400 locis
869 3335 937 3418 (Eq.
955 3337 1020 3399 544
1044 3341 1076 3402 et
1100 3337 1149 3402 Ls.
1170 3340 1247 3420 491)

106 3439 138 3505 B
164 3438 254 3502 solus
278 3445 389 3503 contra
414 3445 552 3504 metrum
575 3439 668 3504 ἕνεκα
689 3438 829 3522 praebet,
853 3439 883 3501 V
906 3438 1025 3522 aliique
1050 3439 1174 3505 οὔνεκα.

205 3543 225 3606 3
249 3541 328 3606 locis
352 3543 457 3606 εἵνεκα
473 3548 505 3607 et
524 3544 616 3607 ἕνεκα
640 3541 836 3606 exhibentur
858 3545 955 3624 atque
979 3542 1023 3606 ita
1046 3543 1186 3627 quidem,
1210 3548 1247 3608 ut

106 3647 145 3710 in
175 3643 236 3708 Nb.
256 3645 322 3708 422
346 3644 375 3709 Β
398 3646 501 3725 ἕνεκα,
531 3644 607 3708 ibid.
632 3647 694 3709 511
727 3646 760 3709 et
788 3642 844 3708 Ra.
871 3645 934 3708 189
959 3644 989 3706 V
1013 3647 1105 3710 ἕνεκα
1136 3653 1248 3710 contra

108 3753 253 3812 metrum
277 3747 437 3832 praebeat,
461 3747 490 3809 V
514 3751 605 3812 recte
628 3748 733 3812 sivero
761 3747 796 3809 in
819 3745 880 3810 Nb.
896 3747 961 3810 422
986 3747 1137 3830 idemque
1160 3749 1190 3814 R
1212 3750 1246 3812 in

108 3851 175 3916 Nb.
193 3852 255 3914 511
277 3855 311 3914 et
334 3850 390 3915 Ra.
409 3851 482 3914 189.

204 3954 224 4016 3
248 3953 328 4017 locis
352 3951 469 4016 οὔνεκα
492 3957 524 4015 et
547 3953 652 4017 sivero
675 3952 901 4017 inveniuntur:
926 3952 986 4017 Nb.
1005 3954 1069 4018 526
1087 3954 1192 4020 οὕνεκ’
1208 3955 1245 4036 R,

106 4055 209 4121 εἵνεκ’
234 4054 271 4136 V,
301 4055 378 4119 ibid.
400 4055 465 4119 555
495 4055 672 4136 οὓνεκαΒ,
702 4057 808 4120 εἵνεκα
832 4056 870 4138 V,
901 4056 954 4120 Ρα.
973 4058 1039 4120 744
1067 4056 1185 4122 οὕνεκα
1208 4057 1245 4140 R,

105 4161 220 4226 ε7νεκα
236 4158 275 4221 V.
297 4157 339 4222 ln
363 4156 423 4222 Nb.
442 4158 507 4221 526
531 4158 688 4241 particula
703 4163 812 4222 nostra
829 4161 1001 4224 coniuncta
1024 4164 1074 4223 est
1097 4179 1170 4224 cum
1194 4179 1245 4224 re·

102 4262 211 4328 lativo
233 4259 295 4340 ὡν;
321 4279 428 4343 neque
452 4280 529 4326 vero
552 4280 610 4345 pro
635 4266 721 4326 certo
743 4262 913 4326 diiudicari
934 4267 1047 4345 potest
1072 4262 1245 4326 utrumuis

102 4361 206 4432 εἵνεκ’
223 4383 264 4427 an
280 4362 328 4427 ὼν
344 4362 450 4429 οὕνεκ’
465 4363 671 4430 retinendum
686 4364 736 4446 sit
756 4383 831 4428 cum
848 4369 941 4448 poeta
956 4366 991 4428 in
1007 4364 1067 4430 hac
1082 4365 1245 4430 locutione
