3084 5228
730 428 846 486 Victor
865 429 1006 496 Conlon,

618 1086 775 1162 LIBER
802 1085 1105 1163 POSTERIOR.

829 1285 848 1362 s
874 1283 901 1345 1:

387 1411 477 1476 Haeo
499 1412 599 1476 altera
621 1431 695 1494 pars
719 1411 916 1493 quaestionis
940 1414 1068 1475 nostrae
1092 1411 1223 1476 criticae
1246 1412 1281 1473 in
1302 1411 1432 1474 Aristo-

296 1515 410 1597 phanis
440 1513 566 1578 fabulas
593 1515 629 1576 in
657 1513 879 1597 comparandis
907 1514 1101 1578 scholiorum
1129 1514 1323 1578 lectionibus
1352 1535 1429 1579 cum

297 1617 493 1682 codicumR
515 1621 547 1682 et
562 1619 593 1679 V
609 1621 664 1681 aut
687 1637 799 1682 eorum
815 1618 992 1702 scripturis
1016 1617 1072 1700 qui
1094 1617 1130 1679 in
1151 1616 1430 1700 Acharireusibu8‚

295 1719 539 1804 Ecclesiazusis
558 1722 738 1804 Lysistrata
756 1743 813 1806 pro
830 1723 860 1783 V
876 1721 1050 1786 adhibendi
1069 1726 1153 1804 sunt,
1181 1722 1363 1786 versabitur
1380 1723 1431 1786 ita

297 1822 436 1906 quidem,
464 1827 500 1887 ut
523 1825 662 1908 primum
688 1845 745 1888 eae
769 1828 947 1888 tractentur
970 1824 1135 1906 lectiones,
1161 1823 1278 1908 quitus
1303 1825 1429 1890 scholia

297 1945 371 1990 cum
386 1927 418 1987 V
433 1926 484 1989 vel
501 1947 575 1991 cum
591 1928 640 2010 iis,
664 1928 719 2010 qui
736 1947 792 2010 pro
808 1928 839 1989 V
855 1931 938 2008 sunt
963 1926 1128 1991 codicibus
1144 1949 1163 1991 a
1177 1927 1207 1992 R
1222 1926 1431 2010 dissentiunt,

297 2028 414 2093 deinde
438 2049 503 2110 cae,
528 2028 644 2111 quihus
669 2051 688 2092 a
711 2033 799 2112 parte
822 2029 851 2094 R
874 2029 1028 2094 adversus
1046 2031 1076 2091 V
1092 2031 1226 2112 veloce,
1250 2031 1307 2112 qni
1322 2051 1379 2114 pro
1395 2032 1429 2091 V

296 2134 380 2212 sunt
410 2131 510 2195 libros
538 2133 659 2197 scholia
688 2135 781 2214 stant
811 2135 881 2196 tum
908 2132 948 2194 de
976 2132 1017 2194 iis
1045 2131 1224 2196 disseratur
1250 2132 1339 2213 locis
1368 2123 1443 2196 ubi¹

296 2235 418 2299 scholia
441 2239 552 2300 contra
574 2239 747 2319 utrumque
770 2236 926 2300 librorum
949 2256 1052 2318 genus
1070 2237 1204 2319 faciunt
1223 2235 1365 2319 denique
1384 2237 1428 2300 de

297 2338 345 2420 iis,
368 2338 424 2401 ubi
444 2339 616 2404 scholiasta
633 2343 760 2423 praeter
778 2359 848 2404 eam
868 2340 1066 2423 scripturam,
1086 2359 1183 2421 quam
1202 2340 1235 2402 in
1256 2342 1347 2403 textu
1367 2360 1430 2403 suo

295 2443 428 2524 invenit
451 2444 557 2507 varias
579 2444 735 2507 lectiones
759 2445 993 2506 commemorat

386 2546 456 2622 Qua
483 2547 515 2610 in
547 2566 582 2610 re
608 2547 775 2610 tractanda
798 2549 924 2629 praeter
946 2546 1111 2611 Duebneri
1136 2546 1310 2611 editionem
1335 2546 1431 2610 scho-

295 2648 420 2730 liorum,
444 2669 540 2731 quam
563 2669 628 2713 non
648 2649 797 2713 omnibus
819 2647 1023 2732 expertibus
1047 2653 1228 2716 accuratam
1248 2652 1280 2713 et
1303 2651 1429 2732 perfec-

295 2755 361 2814 mm
379 2771 451 2816 esse
471 2753 548 2816 satis
568 2755 700 2834 constat,
720 2757 752 2814 et
770 2755 896 2834 praeter
911 2753 950 2815 A.
967 2751 1097 2815 Martini
1117 2751 1317 2818 collationem
1334 2753 1431 2816 scho-

294 2854 462 2936 liorumlt‚
482 2854 565 2920 Gnil.
581 2854 804 2920 Ruthertordii
827 2854 968 2918 editione
988 2853 1183 2917 scholiorum
1201 2853 1306 2918 codici
1325 2854 1353 2918 R
1370 2854 1431 2916 ad-

295 2957 488 3040 scriptorum
499 2977 579 3020 usus
593 2976 674 3038 snm
692 2976 775 3038 quae
790 2977 808 3020 a
823 2957 944 3020 criticis
956 2976 1021 3019 non
1033 2958 1098 3020 tam
1110 2976 1226 3040 magna
1238 2977 1312 3020 cum
1328 2957 1427 3022 lande

294 3079 390 3140 quam
414 3061 482 3124 aori
506 3079 580 3124 oum
601 3059 834 3142 vituperatione
854 3061 988 3141 excepta
1008 3061 1064 3123 est
1090 3062 1196 3142 Atque
1219 3063 1257 3123 ut
1279 3061 1426 3122 omittam

293 3162 332 3224 A.
348 3161 550 3241 Roemerum
571 3163 628 3244 qui
648 3162 748 3226 multo
764 3162 892 3245 longius
909 3180 1005 3243 quarn
1021 3182 1078 3244 par
1094 3165 1143 3225 est
1158 3163 1191 3226 in
1211 3161 1427 3246 vituperando

293 3264 521 3329 Ruthertordio
549 3285 738 3348 progressus
763 3285 835 3330 esse
862 3264 999 3346 videtur,
1026 3265 1060 3327 in
1087 3264 1169 3328 libro
1197 3284 1265 3346 suo,
1290 3265 1346 3348 qui
1374 3265 1427 3328 in-

294 3367 461 3432 scribitur:
486 3367 644 3432 “Studien
666 3389 706 3432 zu
727 3369 958 3452 Aristophanes
976 3367 1044 3432 und
1065 3368 1126 3433 den
1146 3370 1230 3432 alten
1249 3368 1427 3433 Erhlarern

293 3467 485 3534 desselben”
508 3469 653 3556 (Leipzig
678 3473 784 3553 1902),
812 3472 973 3536 Zacherus
996 3471 1032 3533 in
1055 3471 1204 3554 Parergis
1228 3473 1298 3538 suis
1329 3471 1426 3552 (Phil.

293 3572 400 3656 Suppl.
417 3573 477 3636 rol.
488 3573 561 3653 VII
582 3575 677 3654 1899,
694 3595 722 3658 p.
734 3577 923 3654 aee-529)
943 3578 975 3639 et
991 3575 1014 3637 Ι.
1027 3595 1089 3638 van
1106 3575 1230 3656 lineren
1250 3575 1284 3642 in
1301 3574 1424 3638 Mnem.

293 3675 629 3758 massamuti,
649 3679 743 3760 1900,
767 3698 796 3760 p.
811 3680 874 3741 176
891 3699 958 3760 sqq.
981 3680 1014 3741 in
1038 3679 1226 3760 quaestione
1251 3697 1326 3742 sua:
1352 3677 1425 3742 “De

292 3779 390 3841 variis
402 3778 594 3842 lectionibus
608 3779 864 3844 eRuthertordio
875 3800 893 3844 e
903 3781 1034 3844 scholiis
1042 3781 1285 3864 Aristophaneis
1298 3783 1425 3846 erutis”

292 3880 485 3945 Brittannici
498 3882 584 3944 illius
595 3883 698 3946 critici
709 3882 830 3947 librum
841 3884 910 3948 acri
921 3883 1096 3966 subtilique
1108 3884 1239 3966 ingenio
1256 3887 1289 3948 et
1300 3883 1426 3948 iudicio

290 3989 555 4070 percensuerunt.
591 3985 680 4061 Quae
708 4005 783 4049 oum
806 3988 851 4050 ita
875 3987 953 4068 sint,
981 3987 1015 4048 in
1038 3984 1259 4052 Rutherdordii
1288 3987 1425 4050 scholiis

290 4087 548 4170 Aristophanicis
571 4087 762 4152 adhibendis
786 4109 943 4154 summam
968 4089 1150 4152 cautionem
1173 4087 1317 4173 adhibui

381 4189 471 4254 Haec
486 4191 586 4272 igitur
600 4190 810 4256 fundamenta
826 4193 1013 4275 posterioris
1030 4193 1127 4256 huius
1143 4191 1218 4255 libri
1230 4196 1331 4274 erant
1348 4213 1424 4257 oum

290 4293 423 4356 meliora
435 4292 594 4357 deessent
612 4293 716 4378 Atque
729 4297 856 4378 praeter
864 4293 1038 4376 Duebneri,
1049 4296 1189 4378 Martini,
1197 4295 1426 4361 Rutherlordii
