3084 5228
252 545 438 614 Quaestiones
456 541 572 597 criticae
591 539 622 594 in
639 533 837 605 Aristophanis
857 533 975 588 fabulas.

79 747 132 784 τεο.
293 717 365 782 Sch.

79 839 138 900 025
166 834 365 915 μορμορωπά
413 828 588 895 editoribus

163 937 340 1024 probatum.

78 1046 138 1108 071
164 1041 279 1122 μέντοι’
321 1042 368 1113 γὼ
408 1033 589 1120 (μέντούγὼ

166 1146 281 1211 Boihio
293 1147 423 1206 auctore
440 1137 590 1217 editores)

163 1252 299 1330 φρονεῖν
323 1264 397 1310 cum
421 1241 518 1306 MAU

59 1353 140 1416 1000
162 1355 229 1416 τοῑε
251 1350 352 1414 ἱττίοιτ

59 1455 140 1516 1020
163 1455 239 1518 τοὺς
258 1454 382 1532 Πὲρτατ
401 1467 475 1514 cum
495 1445 590 1526 Blay·

165 1556 247 1620 desii
286 1552 478 1638 quibusdam
517 1547 591 1612 deti.

165 1658 289 1742 codd.†

57 1765 139 1826 1112
165 1763 226 1827 οὐκ
249 1761 295 1825 ἔθ’
312 1779 386 1826 eum
410 1759 476 1823 MA

58 1868 138 1930 1311
165 1865 404 1930 νοτίοιεομτοΔ
418 1859 593 1926 cornaliis-

166 1987 230 2051 que
257 1968 331 2032 dett.
348 1964 440 2032 codd.

54 2382 141 2455 ,1182
167 2355 379 2462 uuxdpiov††

1116 518 1178 583 171

885 701 944 768 RV

682 821 900 902 μορμουρωπὰ
923 817 1085 901 (μυρωπὰ
1103 815 1145 895 0)

646 1029 750 1108 μέντοι
796 1027 983 1105 εωφρονεῑν.
1039 1019 1183 1085 Verbum

644 1133 826 1210 τωφρονεῑν
864 1128 1015 1191 idoneum
1052 1143 1182 1188 sensum

644 1254 710 1297 non
734 1231 871 1317 praebet.

694 1341 759 1400 τοῑε
782 1339 889 1417 (τοῖον
906 1333 946 1414 V)
968 1331 1132 1414 ἱττίοιειν)

856 1437 979 1515 Πὲρεαε

816 1745 874 1811 οὐκ
897 1744 1017 1827 {effi-i

646 1855 790 1929 νοτεροῑε
799 1850 837 1932 0,
849 1849 964 1913 νοτίοις
974 1845 1002 1910 R
1012 1865 1045 1926 r.‚
1058 1843 1186 1908 “νότιοε

646 1955 764 2018 zweier
785 1952 969 2033 Rndungen
991 1948 1045 2012 bei
1067 1945 1185 2010 Aeseh.

647 2059 751 2123 Prom.
780 2058 862 2120 401;
908 2055 1025 2118 νοτίοιο
1062 2040 1185 2124 πάγαῑε.

647 2161 747 2228 Strnb.
766 2162 817 2243 15,
838 2160 918 2222 685:
949 2154 1103 2231 θαλάττης
1131 2154 1187 2229 τῆ(

647 2265 787 2331 νοτίου”.
820 2261 964 2326 Koekius
987 2255 1027 2320 ad
1052 2255 1080 2319 h.
1098 2275 1125 2317 v.

819 2365 968 2442 μακάριος
988 2360 1018 2435 γ’

540 2547 700 2609 liubium:

78 2669 140 2731 121
168 2668 327 2745 Δήμητρα
355 2665 471 2729 lemma
494 2661 593 2727 schoi

167 2789 231 2833 rec.
249 2789 322 2833 cum
338 2767 431 2832 ΑΔΘ
448 2765 527 2830 aliis.
546 2764 594 2829 De

169 2869 596 2946 ἀοοὶὶοοτὶομθνοοίοΔημή-

168 2997 226 3055 τηρ
243 2975 282 3039 cf.
296 2973 451 3038 Oroenert
462 2971 595 3036 Memor.

169 3079 224 3143 Gr.
247 3076 344 3142 Here.
367 3098 396 3160 p.
414 3077 487 3140 109.

78 3187 143 3248 134
170 3180 361 3247 Κικυννόθεν
396 3197 470 3242 cum
503 3176 595 3240 ΑΔΘ

169 3283 280 3349 r.Vide
288 3281 504 3347 Meisterhans
513 3281 596 3362 1197.

78 3393 143 3454 195
170 3389 243 3467 ομῑν

77 3702 143 3764 213
170 3697 315 3782 ὑμῶνγγι

78 4115 145 4176 215
173 4112 253 4189 μέγα
276 4107 374 4173 schol.
399 4126 462 4172 τοο.

650 2630 824 2734 Δήμῆτραν
842 2651 871 2714 R
889 2667 952 2713 soc.
973 2646 1080 2710 Herw.

650 2761 826 2837 Δήμητραν
840 2755 872 2816 0
1140 2698 1189 2784 00

720 3179 898 3259 Κικυνὸθεν,
922 3175 980 3240 sed
998 3177 1029 3238 V
1046 3180 1133 3240 recte

747 3284 902 3347 Κικυννεῑε
924 3281 959 3343 in
982 3301 1011 3344 ν.
1031 3279 1105 3341 210.

652 3388 723 3465 ἡμῖν
730 3386 786 3469 ††,
797 3384 883 3468 quod
895 3384 973 3448 ferri
984 3381 1106 3462 nequii,
1116 3399 1190 3443 cum

653 3488 834 3571 discipulus
849 3505 955 3568 usque
972 3482 1011 3548 ad
1028 3503 1056 3546 ν.
1074 3483 1137 3545 221
1156 3481 1191 3544 in

653 3610 769 3656 scaena
791 3591 962 3654 remaneat.

653 3695 742 3773 ἡμῶν
766 3713 791 3756 r.
816 3691 985 3774 “Intellige
1009 3689 1130 3753 dietum
1151 3687 1192 3751 ad

653 3797 808 3881 populum
816 3813 972 3860 conversa
981 3794 1114 3876 repente
1122 3810 1192 3854 ora-

653 3901 751 3976 tione,
773 3919 839 3963 non
859 3896 898 3960 ad
918 3893 1139 3960 Socraticum”
1156 3892 1191 3956 G.

653 4001 860 4066 Hermannus
885 3999 925 4063 ad
949 3999 978 4062 h.
1002 4018 1031 4061 v.

654 4106 749 4169 πάλιν
756 4105 795 4186 0,
812 4103 896 4166 πάνυ
912 4102 941 4166 R
956 4121 980 4164 r.
997 4099 1043 4164 Oi.
1061 4119 1089 4161 ν.
1107 4119 1135 4182 p.
1149 4097 1192 4162 94

654 4211 832 4271 tractatum

77 4321 145 4383 243
172 4313 446 4394 ἐπέτριψενοοὴοΙ.
454 4331 517 4376 τοο.
526 4329 601 4374 oum
655 4309 783 4389 ἔτριψεν
792 4309 890 4391 (idem
900 4307 1031 4372 scholii
1042 4307 1077 4369 in
1087 4303 1193 4369 adnot.

173 4419 240 4484 MA
264 4419 336 4482 aliis
358 4438 383 4482 r.
407 4417 453 4480 Of.
476 4435 506 4479 ν.
526 4416 600 4478 438.

656 4413 695 4476 ad
720 4433 748 4476 ν.
769 4413 855 4491 242.)
