3058 5222
311 510 374 575 186
734 515 851 572 Victor
870 515 1015 584 Coulon,

326 711 384 750 ras.
542 687 614 754 Soh.

333 805 397 868 676
422 805 590 885 διαγράφω
611 806 651 869 ab
670 805 848 870 editoribus

421 915 552 972 auotore
572 907 720 974 Bentleio
739 927 849 992 recep·

422 1016 499 1074 tum.
519 1010 589 1088 Quo
605 1010 645 1077 de
661 1012 760 1075 verbo
774 1011 849 1076 vide

422 1113 582 1178 Kootium
615 1113 655 1178 od
686 1113 745 1177 Nb.
774 1115 848 1178 774.

421 1215 553 1280 Lemma
565 1217 779 1295 διαγράψομω
795 1217 850 1281 ha-

423 1319 477 1384 bet
498 1318 526 1383 L
548 1337 611 1384 seo.
628 1319 752 1403 Stein.†

1098 687 1241 753 RBOLA

903 805 1433 890 brurpduwR†‚trorodusurBCLA

903 908 1017 973 litteris
1042 929 1083 987 ομ
1101 909 1202 972 iuturi
1227 907 1435 986 διαγράψομοι

918 1010 1121 1074 librariorum
1146 1011 1272 1074 inouria
1295 1011 1427 1073 omissis

659 1500 1094 1580 Thesmophoriaausarum:

328 1623 385 1662 vsa.
531 1601 603 1666 Sch.

356 1718 396 1780 21
423 1717 494 1783 οῐόν
516 1738 553 1794 γε

356 1821 398 1884 39
424 1822 502 1885 λαὸς

336 1924 398 1986 125
424 1923 556 2001 δόκιμον

336 2439 398 2500 179
423 2439 850 2524 xorvr]‚quodverumlegisse

423 2541 522 2605 schol.
534 2561 576 2607 ex
588 2542 851 2626 interpretatione

425 2645 541 2729 μεγάλῃ
592 2648 641 2710 καὶ
692 2652 849 2730 Θαυμακτῇ

427 2745 553 2812 Bisetus
577 2747 744 2812 conclusit.

336 2849 401 2912 220
425 2851 604 2930 ξυροδόκης

335 2951 400 3014 273
424 2953 651 3031 Ἱπποκράτους

336 3055 397 3117 291
425 3058 637 3121 nocentiores
682 3056 851 3123 Diodoriio

417 3164 591 3240 praeeunte
599 3158 852 3244 editoribuspro-

424 3259 543 3323 batum.

336 3465 401 3527 356
425 3467 577 3540 λεγούεα(

336 3568 402 3630 834
425 3569 577 3646 Στηνίοιει

336 3671 401 3734 910
425 3670 532 3749 ἰφύων
548 3691 571 3734 r.
594 3672 641 3737 cf.
654 3675 760 3739 adnot
774 3677 851 3741 δέον

426 3772 522 3838 εἰπεῖν
530 3775 564 3838 ἐκ
572 3781 637 3841 τῶν
645 3775 851 3856 ὄψεωνείπεν

426 3873 460 3936 ἐκ
468 3878 535 3939 τῶν
545 3877 659 3958 ἰφύωνς
672 3880 756 3944 ludit
766 3881 852 3946 enirn

426 3978 577 4062 comicus
601 3984 656 4064 qui
681 3991 715 4048 ut
738 3986 772 4047 in
790 4003 851 4048 vss.

427 4081 489 4142 387
521 4091 553 4146 et
583 4089 649 4151 456
679 4090 727 4152 sio
756 4089 852 4152 etiam

426 4182 480 4246 hio
489 4184 676 4274 Euripidem
690 4197 727 4254 ut
738 4189 853 4254 humili

425 4286 853 4358 loconatumnralediooser-

427 4413 521 4463 mone
545 4399 653 4480 carpit.

1161 1601 1190 1666 R

1085 1717 1155 1783 οῐόν
1177 1717 1267 1800 τεῇ

1118 1820 1231 1902 λεὼς]ι

905 1927 1044 2003 δοκίμωι.
1068 1923 1247 1988 Lenissima
1267 1923 1448 1985 mutatione

905 2027 1087 2092 Meinekius
1102 2029 1138 2090 in
1150 2025 1246 2089 Vind.
1264 2027 1321 2088 Ar.
1339 2045 1368 2107 p.
1386 2027 1447 2089 147
1524 2048 1525 2051 ¹

905 2132 1045 2208 δοκίμων
1105 2129 1234 2213 scripsit
1290 2128 1452 2210 probante
1525 2181 1526 2184 ,

904 2233 1076 2316 Buengero
1099 2231 1159 2315 (De
1175 2233 1231 2294 Ar.
1248 2231 1306 2313 Eq.
1324 2230 1378 2294 Ls.
1396 2229 1451 2294 Tin

905 2335 990 2419 apud
1014 2335 1102 2400 Suid.
1118 2335 1187 2399 rell.
1202 2354 1232 2418 p.
1248 2336 1313 2414 44).

1048 2951 1307 3034 onospduooci‘i

906 3058 989 3135 πρὸ(
1005 3058 1153 3134 θάληκον.
1178 3053 1271 3131 Quod
1287 3055 1461 3137 quomodo

907 3178 948 3224 ex
959 3161 1167 3224 ποεθαλίεκον
1177 3159 1394 3242 depravatum
1409 3163 1463 3241 sit

906 3261 1053 3346 Engerus
1073 3263 1106 3324 in
1122 3262 1227 3325 adnot
1244 3261 1282 3324 ad
1301 3261 1332 3324 h.
1346 3282 1380 3324 ν.
1402 3282 1464 3328 ex-

1131 3365 1229 3448 ponit

1067 3467 1284 3551 δεγούεαιεῂι

1085 3568 1269 3651 mvi01c1††

1090 3669 1264 3754 denuost
