3184 5234
347 396 389 459 58
770 400 885 456 Victor
904 399 1050 467 Coulon,

435 573 540 638 Etiam
563 573 597 636 in
620 594 650 636 ιι.
669 574 732 638 769
753 591 822 655 sqq.
844 570 1002 654 Berghius
1023 569 1195 635 lectionem
1214 570 1243 632 V
1267 571 1396 636 τοιάνδε
1426 572 1480 634 κύ-

346 699 416 742 κνοι
433 727 439 739 .
457 727 463 740 .
479 726 487 741 .
504 681 636 755 ευμμιγῆ
662 677 743 755 βοήν
764 675 848 754 ὁμοῦ
868 678 994 752 πτεροῑε
1015 675 1183 751 κρὲκοντεε
1201 673 1314 750 ἴακχον
1334 673 1479 738 Ἀπόλλω

345 800 403 863 pro
426 780 534 844 τοιάδε
558 779 668 844 κύκνοι
692 780 755 843 κτλ.
776 776 944 860 amplexus
968 782 1017 840 est
1044 774 1141 857 idque
1165 775 1226 840 boo
1255 795 1383 859 quoque
1406 775 1480 841 loco

345 882 471 946 iniuria
495 881 578 946 Nam
601 883 629 944 si
651 881 771 964 legitur
792 881 921 945 τοιάνδε
945 881 1057 944 κύκνοι
1081 897 1159 943 voce
1183 879 1312 944 τοιάνδε
1331 879 1367 942 ad
1397 882 1480 958 βοὴν

345 987 378 1049 in
395 1005 424 1048 τ.
434 986 496 1048 771
511 984 619 1066 relata,
632 985 666 1046 in
682 1005 711 1047 ν.
726 986 799 1066 737,
816 983 869 1046 eui
886 1002 914 1044 v.
927 990 1035 1047 noster
1046 981 1227 1065 respondet,
1242 1002 1317 1046 eum
1329 981 1481 1047 Bentleio

345 1088 503 1168 scriptura
533 1087 648 1151 Μοῡεα
672 1087 808 1165 λοχμαία
839 1085 873 1146 in
905 1083 1058 1149 Μοῦε’ὠ
1087 1085 1222 1163 λοχμαία
1245 1085 1399 1148 mutanda
1422 1091 1482 1149 est

345 1189 459 1273 Neque
483 1209 559 1254 vero
584 1189 748 1268 habemus,
773 1208 832 1252 eur
847 1186 945 1252 verba
960 1188 1077 1253 Μοῡεα
1093 1191 1228 1267 λοχμαία
1244 1188 1482 1268 addubitemus,

344 1295 531 1377 praesertim
550 1312 624 1357 eum
646 1293 680 1355 in
705 1291 854 1355 omnibus
877 1290 1043 1356 codicibus
1066 1292 1281 1355 inveniantur.
1304 1292 1485 1376 Propterea

345 1399 381 1460 ut
404 1397 531 1460 numeri
555 1416 583 1459 v.
601 1395 665 1458 769
689 1395 730 1458 iis
754 1415 782 1458 τ.
801 1396 863 1458 737
889 1392 1118 1477 respondeant,
1145 1392 1226 1456 illud
1249 1395 1357 1459 τοιάδε
1381 1395 1484 1459 8-3

346 1500 465 1582 quippe
481 1500 659 1562 sententiae
675 1498 874 1580 aptissimum
889 1533 933 1544 -
944 1496 1135 1560 vertendum
1151 1498 1237 1561 enim
1254 1503 1303 1561 est
1317 1497 1374 1560 “in
1390 1497 1485 1562 hune

345 1601 498 1666 modum'’
509 1637 551 1646 —
569 1620 644 1664 cum
663 1599 841 1682 Dindoriio,
858 1599 1029 1680 Meinekio,
1046 1599 1168 1664 Koolrio
1185 1619 1313 1664 servare
1331 1607 1484 1682 praestat

436 1705 506 1768 Vsa.
531 1705 706 1768 1272-73
735 1705 769 1767 in
798 1704 895 1768 S-R
917 1705 964 1768 sie
988 1704 1205 1768 exhibentur:
1234 1703 1484 1783 ὠτριεμακάρι’

345 1808 473 1888 (μάκαρ
497 1807 543 1886 S),
574 1807 601 1869 ιίι
626 1808 806 1871 κλεινότατε
828 1806 1036 1888 (κλεινότἜ),
1061 1806 1088 1870 ὠ
1113 1808 1297 1888 εοφάιτατε,
1317 1804 1371 1892 Ιώ
1401 1811 1485 1880 γλα-

345 1909 524 1990 φυρώτατε,
556 1909 848 1973 ὠκατακὲλευεον.
879 1908 974 1972 VMA
998 1909 1167 1992 praebent:
1193 1909 1220 1971 ὠ
1244 1909 1428 1990 κλεινότατ’,
1456 1909 1484 1972 ὦ

345 2010 516 2093 εοφώτατ’,
550 2011 577 2074 ὠ
607 2011 837 2089 γλαφυρώτατε
863 2009 867 2096 Ι
893 2011 919 2073 ὦ
949 2011 1141 2090 τριεμακάρι’
1170 2011 1197 2074 ὠ
1235 2013 1484 2075 κατακέλευεον.

344 2113 443 2177 Hune
474 2114 581 2177 locum
617 2113 739 2177 medela
770 2113 916 2196 indigere
947 2115 1032 2177 inter
1065 2113 1193 2177 criticos
1225 2113 1485 2196 Aristophaneos

345 2223 477 2281 constat.
501 2217 584 2280 Nam
607 2221 831 2300 praeterquam
852 2216 938 2298 quod
963 2216 1090 2281 codices
1113 2217 1147 2280 in
1167 2217 1338 2281 verborum
1364 2216 1484 2281 ordine

345 2318 528 2383 exhibendo
545 2319 578 2381 in
592 2319 825 2382 diversissimas
841 2323 947 2401 partes
961 2318 1139 2400 discedunt,
1156 2318 1351 2384 adieetivum
1367 2322 1485 2398 ταφώ-

343 2425 469 2489 retain
494 2445 523 2488 v.
542 2425 627 2488 1272
653 2443 695 2488 ex
717 2425 785 2488 fine
811 2445 838 2486 v.
858 2425 941 2488 1271
962 2425 1136 2508 repetitum
1159 2424 1237 2488 ferri
1261 2425 1383 2506 nequit.
1407 2423 1486 2487 Pri·
1565 2487 1566 2494 ,

345 2547 433 2591 mum
456 2547 529 2592 mea
552 2528 683 2610 quidem
706 2528 865 2592 sententia
889 2529 1024 2591 interest
1048 2526 1165 2609 videre,
1196 2525 1357 2609 quomodo
1382 2528 1484 2592 ambo

344 2650 405 2694 vss.
422 2631 529 2694 traditi
553 2631 624 2694 sint.
648 2629 691 2694 Et
709 2633 742 2693 in
762 2631 858 2695 8-8
878 2637 910 2694 et
928 2633 963 2696 in
982 2631 1078 2694 VMA
1097 2629 1183 2694 idem
1204 2630 1281 2694 ordo
1306 2629 1402 2692 trium
1425 2651 1485 2693 su-

342 2733 571 2816 perlativorum
594 2734 620 2797 ιίι
646 2739 746 2816 κλειν,
771 2734 797 2797 ὦ
822 2754 904 2814 εοφ;
930 2733 956 2797 ὦ
981 2739 1119 2813 γλαφυρ.
1137 2733 1308 2797 invenitur.
1339 2731 1484 2814 Reliqua
1563 2721 1564 2726 ἵ

343 2843 450 2902 autem
474 2838 573 2902 verba
595 2839 642 2901 aie
666 2837 868 2919 exhibentur,
893 2842 929 2899 ut
952 2836 1047 2900 s-tt
1071 2836 1098 2899 ὠ
1119 2835 1310 2915 τριεμακάρί
1330 2835 1425 2898 initio
1453 2857 1483 2900 v.

346 2941 440 3022 1272,
471 2941 567 3005 VMA
590 2941 681 3003 initio
706 2961 734 3003 v.
753 2943 837 3004 1273
863 2941 1043 3023 praebeant
1077 2939 1173 3003 Nunc
1196 2940 1340 3021 quaestio
1365 2939 1483 3022 oritur,
1561 2947 1562 2950 ’

343 3049 415 3106 utra
436 3044 553 3126 positio
577 3042 805 3106 vocabulorum
823 3042 849 3106 ὦ
866 3041 1056 3121 τριτμακάρι’
1073 3043 1216 3126 genuina
1231 3044 1281 3105 sit
1306 3041 1388 3105 Mihi
1403 3045 1483 3124 qui-

344 3145 417 3209 dem
434 3145 531 3209 verba
551 3145 577 3208 ὦ
596 3144 788 3224 τριεμακάρι’
801 3147 836 3208 in
856 3144 953 3209 S—R
968 3164 1011 3208 ex
1034 3146 1126 3208 initio
1151 3165 1179 3207 v.
1198 3146 1283 3207 1273
1308 3143 1483 3208 librarium

344 3267 451 3311 errore
474 3247 566 3309 initio
589 3266 618 3308 v.
639 3248 723 3309 1272
748 3248 851 3330 posita
875 3267 944 3312 esse
962 3248 1168 3312 verisimilius
1184 3247 1312 3311 videtur
1328 3266 1428 3329 quam
1446 3249 1483 3311 in

342 3350 453 3432 VMA,
477 3355 646 3432 postquam
674 3351 765 3413 initio
796 3371 824 3413 v.
848 3353 934 3414 1272
959 3351 1075 3415 omissa
1100 3356 1202 3433 erant,
1232 3369 1362 3415 versum
1388 3351 1481 3414 1273

342 3454 519 3518 inchoasse.
541 3453 632 3518 Haec
648 3455 753 3538 verba,
777 3476 851 3520 cnm
874 3457 909 3519 in
925 3455 1021 3520 S—R
1036 3475 1100 3519 non
1119 3460 1207 3519 recte
1226 3455 1317 3518 initio
1341 3456 1481 3518 ν.1272

342 3559 446 3641 posita
469 3563 589 3640 essent,
616 3557 738 3621 librarii
762 3558 868 3622 locum
897 3559 978 3622 falso
1003 3559 1190 3623 inchoatum
1213 3556 1403 3640 simpliciter
1430 3560 1482 3622 sie

342 3661 511 3724 restituere
531 3660 592 3723 sibi
611 3660 810 3740 videbantur,
835 3667 871 3725 ut
886 3662 996 3746 legum
1012 3663 1217 3725 metriearum
1233 3661 1390 3724 rationem
1410 3680 1481 3724 non

342 3763 497 3826 habentes
520 3762 618 3826 verba
642 3763 668 3827 ὧ
691 3766 924 3843 γλαφυρώτατε
956 3784 998 3828 ex
1028 3764 1096 3829 fine
1128 3785 1155 3826 v.
1174 3765 1259 3827 1272
1290 3764 1481 3846 insequenti

344 3865 453 3930 versui
477 3866 708 3930 continuarent
733 3867 778 3931 Ut
801 3869 907 3930 autem
931 3867 1021 3931 libris
1044 3867 1141 3931 VMA
1156 3865 1312 3930 voeabula
1337 3866 1364 3929 ὠ
1392 3888 1481 3944 τριε-

344 3967 467 4048 μακάρι’
483 3968 575 4032 initio
606 3989 634 4031 v.
661 3971 746 4032 1273
771 3969 999 4034 exhibentibus
1029 3970 1129 4034 fidem
1152 3970 1336 4050 habeamus
1352 3968 1410 4033 'vel
1440 3991 1479 4034 eo

344 4090 590 4151 commovemur,
615 4071 700 4153 quod
724 4078 790 4136 tres
813 4074 1001 4156 superlativi
1023 4074 1139 4138 melius
1163 4080 1195 4138 et
1218 4073 1323 4157 aptius
1346 4072 1430 4136 illud
1453 4074 1479 4136 ὧ

342 4175 532 4254 τριτμακάρι’
548 4176 746 4260 praecedunt
769 4197 865 4259 quam
889 4179 1077 4261 sequuntur.
1110 4176 1231 4253 Quodsi
1255 4176 1328 4259 quis
1358 4175 1479 4241 nihilo-

342 4280 450 4341 minus
466 4298 483 4340 a
499 4278 635 4342 lectione
660 4279 756 4344 S-R
779 4279 941 4363 proficisci
965 4280 1060 4364 volet,
1086 4281 1116 4344 ei
1139 4300 1214 4344 eum
1237 4278 1399 4344 Meinehio
1430 4280 1479 4344 fa·
