3184 5234
321 458 508 528 Quaestiones
528 457 642 513 criticae
661 457 691 511 in
709 456 907 526 Aristophanis
925 455 1044 512 tabulas.
1205 449 1246 511 55

110 630 187 695 dam
211 649 290 695 esse.
315 628 404 706 Quae
423 628 623 712 corruptelae
648 629 737 712 origo
756 627 961 692 verisimilior
980 633 1035 708 est,
1059 628 1246 710 praesertim

110 755 190 800 cum
207 735 236 796 V
259 734 340 797 illud
362 738 432 797 πῶς
458 732 608 797 omiserit

204 837 242 901 In
266 857 294 900 v.
314 837 398 901 1005
424 836 495 900 ἀλλ’
513 837 556 901 εἰς
574 836 782 914 Ἀκαδήμειαν
806 838 923 899 κατιὼν
946 835 1009 899 ὑπὸ
1032 839 1098 899 ταῖς
1123 837 1245 913 μορίαις

111 941 283 1020 ἀποθρέξει
311 939 599 1018 ςτεφανωςάμενος
632 943 696 1002 κτλ.
720 938 755 1000 in
786 937 882 1002 s-tt
912 936 1080 1016 ἀποθρέξει
1112 940 1181 1019 (-εις
1214 936 1247 1020 S)

110 1042 239 1126 legitur,
254 1044 290 1106 in
302 1042 332 1103 V
344 1043 550 1120 καταθρέξεις.
570 1040 718 1104 Editoros
734 1045 860 1123 praeter
874 1039 1084 1121 Blaydesium
1100 1045 1132 1104 et
1144 1038 1247 1104 Laeu-

112 1146 255 1210 wenium
278 1145 488 1227 compositum
514 1144 681 1221 ἀποθρέξει
704 1146 915 1208 servaverunt
936 1142 1035 1225 idque
1058 1144 1245 1207 rectissimo.

111 1248 197 1312 Nam
219 1268 277 1332 pro
302 1248 510 1328 κατατρέχειν,
535 1245 622 1330 quod
644 1250 879 1330 exspectamua
902 1250 996 1329 poeta
1018 1244 1121 1310 facete
1148 1245 1246 1309 verbo

112 1351 300 1430 ἀποτρέχειν
327 1368 407 1414 usus
430 1355 491 1432 est,
520 1349 607 1431 quod
635 1348 676 1412 de
705 1367 873 1413 servorum
901 1348 1151 1412 manumissione
1183 1347 1247 1412 dici

111 1453 242 1517 solitum
266 1473 336 1518 esse
356 1473 398 1519 ex
420 1452 683 1536 inscriptionibus
705 1451 907 1535 potissimum
931 1457 1130 1534 compertum
1150 1451 1247 1518 habe-

112 1577 193 1621 mus.
218 1558 350 1622 Δίκαιος
368 1557 455 1620 enim
470 1555 569 1631 λόγος
589 1561 751 1638 tamquam
766 1555 800 1617 iu
817 1574 950 1620 numero
970 1573 1136 1619 servorum
1152 1555 1247 1619 habet

112 1658 348 1743 Phidippidem,
373 1677 468 1742 quem
484 1658 623 1722 liberum
639 1677 810 1723 evasurum
827 1678 897 1722 esse
913 1659 1078 1742 promittit
1102 1660 1130 1722 si
1146 1678 1180 1722 se
1197 1678 1246 1724 se-

113 1768 276 1844 quoretur.
291 1761 542 1826 Diiudicandum
557 1767 665 1825 autem
681 1762 773 1825 nobis
789 1767 838 1825 est
852 1763 937 1825 iuter
952 1761 1145 1842 ἀποθρέξεις,
1162 1781 1245 1843 quae

112 1865 215 1929 forma
238 1863 324 1948 apud
347 1863 491 1946 Suidam,
515 1862 551 1928 B.
569 1867 607 1928 A.
624 1866 703 1946 421,
722 1867 777 1945 31,
793 1863 890 1928 schol.
908 1863 1003 1947 Soph.
1020 1864 1060 1928 ad
1085 1863 1161 1928 Oed.
1179 1863 1245 1928 Col.

115 1969 368 2048 701invanitur,
392 1970 424 2030 et
443 1966 618 2049 ἀποθρέξει,
644 1966 729 2049 quod
749 1968 783 2030 iu
798 1966 827 2030 R
843 1967 1020 2030 exhibetur.
1047 1969 1154 2049 Atque
1171 1987 1245 2031 cum

113 2071 174 2133 iam
197 2069 383 2134 Bruuekius
406 2069 524 2133 viderit
547 2069 685 2134 mediam
708 2070 844 2133 formam
866 2070 902 2132 in
924 2069 1042 2133 tuturis
1066 2069 1105 2132 ab
1129 2070 1245 2136 Atticis

114 2173 147 2234 in
169 2172 295 2236 deliciis
318 2171 429 2236 haberi
452 2177 486 2236 et
508 2173 541 2234 in
565 2171 621 2236 Ra.
635 2174 697 2234 193
715 2171 790 2235 etR
806 2176 839 2235 et
855 2171 884 2232 V
900 2173 1072 2250 περιθρέξει
1096 2173 1247 2255 praebeat

114 2275 253 2357 itemque
278 2276 455 2352 μεταθρέξει
475 2276 508 2336 in
528 2275 583 2338 Pc.
600 2276 675 2356 261,
696 2275 847 2358 Bergkio,
871 2274 1043 2356 Meineki0‚
1069 2274 1140 2339 aliis
1165 2273 1246 2339 ἀπο-

115 2381 213 2456 θρέξει
236 2377 393 2460 amploxis
416 2378 564 2442 assentiri
587 2397 652 2440 nou
675 2377 867 2442 dubitamus,

201 2480 239 2543 In
256 2480 361 2545 Pluti
384 2500 412 2543 v.
427 2482 490 2544 271
510 2485 579 2561 μῶν
598 2480 694 2546 ἀξιοῖς
715 2481 885 2559 φενακίςας
912 2481 1006 2546 ἔπειτ’
1024 2481 1243 2560 ἀπαλλαγῆναι

116 2583 242 2662 ἀζήμιος
265 2585 301 2647 in
325 2583 474 2666 therr’,
506 2584 538 2647 in
564 2583 659 2648 S-R
684 2584 764 2662 ἡμᾶς
788 2583 941 2649 traditum
965 2590 1021 2648 est.
1054 2583 1178 2661 Quibus
1202 2605 1250 2648 ero

116 2685 247 2750 dirersis
270 2687 436 2770 scripturis
456 2687 673 2769 colligendum
696 2705 766 2750 esse
786 2685 922 2750 arbitror
944 2688 978 2751 iu
1002 2688 1177 2771 archetypo
1197 2689 1244 2752 sio

116 2853 268 2936 scriptum
284 2853 401 2916 fuisse:
419 2858 488 2931 μῶν
505 2853 601 2919 ἀξιοῖς
618 2853 788 2933 φενακίςας
805 2787 899 2918 gg}
913 2853 1141 2932 ἀπαλλαγῆναι.
1158 2853 1244 2916 Illud

116 2955 193 3031 ἡμᾶς
215 2955 447 3038 interpretandi
467 2975 563 3020 causa
586 2958 838 3040 superscriptum
856 2957 937 3020 falso
962 2977 1018 3039 pro
1038 2956 1132 3020 ἔπειτ’
1149 2957 1244 3020 libra·

116 3056 181 3119 rius
196 3057 223 3121 R
238 3059 438 3142 transcripsit
456 3064 633 3142 propterea,
654 3060 775 3142 opinor,
797 3060 883 3141 quod
899 3061 1119 3124 accusativum
1134 3061 1244 3142 requi·

117 3159 211 3222 rebat.
238 3161 300 3226 Sed
324 3181 388 3224 vox
412 3161 506 3226 ἔπειτ’
524 3163 636 3243 utique
660 3161 828 3226 retinenda
851 3169 908 3226 est.
940 3160 1144 3225 creandam
1168 3182 1244 3225 cou-

118 3265 321 3328 struetionem
351 3267 385 3327 in
408 3265 490 3329 Aah.
507 3267 570 3328 497
604 3265 629 3328 εἰ
657 3266 786 3343 πτωχὸς
819 3265 866 3328 ὢν
894 3264 987 3329 ἔπειτ’
1005 3266 1040 3328 ἐν
1070 3263 1242 3344 Ἀθηναίοις

118 3367 212 3440 λέγειν
229 3371 343 3450 μέλλω,
363 3367 422 3432 Nb.
442 3369 527 3432 1042
545 3367 737 3446 αἱρούμενον
752 3370 828 3431 τοὺς
845 3368 981 3446 ἥττονας
998 3369 1118 3442 λόγους
1138 3367 1244 3432 ἔπειτα

118 3472 214 3550 νικάν,
244 3471 305 3533 Av.
333 3471 388 3552 29,
419 3469 473 3533 Th.
500 3472 578 3550 557,
607 3471 684 3552 559,
713 3471 791 3551 884,
825 3469 895 3533 otiis
923 3469 1012 3534 locis.
1051 3469 1124 3532 Non
1154 3474 1242 3534 recte

118 3569 209 3650 igitur
229 3570 422 3654 Blaydesius
445 3572 531 3655 facit,
556 3572 642 3656 quod
660 3591 837 3655 pronomen
856 3574 935 3652 ἡμᾶς
956 3573 1028 3637 voci
1047 3572 1141 3637 ἔπειτ’
1153 3592 1243 3655 prae-

119 3675 193 3739 tulit.
216 3677 399 3741 Mainetrius
415 3683 527 3742 contra
541 3677 721 3741 laudandus
738 3680 794 3759 est
811 3679 866 3760 qui
885 3677 1055 3742 lectionem
1070 3677 1100 3736 V
1112 3683 1242 3741 secutus

120 3779 170 3858 est
187 3781 248 3843 nisi
264 3780 351 3863 quod
367 3781 586 3845 accusativum
604 3781 634 3859 μ’
652 3780 691 3844 de
707 3780 804 3844 verbo
821 3783 990 3861 φενακίςας
1009 3780 1242 3863 dependentem

120 3887 186 3944 ante
208 3883 301 3948 ἔπειτ’
317 3884 463 3948 inseruit.
494 3883 564 3961 Quo
591 3885 782 3968 pronomine
807 3883 891 3946 haud
918 3884 985 3947 scio
1009 3903 1049 3946 an
1074 3902 1154 3965 opus
1177 3902 1243 3945 nou

121 3982 352 4049 subtracto
376 3986 459 4051 ὅςτις
484 3989 669 4068 φενακίζεις,
694 3987 811 4064 φράςαι
832 3986 860 4050 δ’
878 3985 970 4050 οὔπω
996 3987 1146 4062 τέτληκας
1171 3987 1242 4064 ἡμῖν

122 4091 150 4148 et
165 4089 241 4152 Aah.
254 4090 296 4153 90
316 4089 405 4154 ταῦτ’
422 4087 473 4168 ἀρ’
490 4089 672 4169 ἐφενάκιζες
690 4092 726 4154 ςὺ
744 4091 805 4154 δύο
823 4092 965 4169 δραχμὰς
983 4091 1105 4171 φέρων,
1125 4089 1242 4171 quibus

122 4187 234 4255 duobus
256 4192 338 4256 locis
361 4195 539 4273 φενακίζειν
562 4194 706 4256 absolute
729 4194 869 4276 positum
895 4199 949 4256 est

201 4294 238 4359 Iu
261 4316 289 4358 v.
310 4297 375 4360 818
400 4297 483 4360 ἀλλὰ
506 4298 686 4374 ςκοροδίοις
717 4296 780 4358 ὑπὸ
807 4299 933 4374 τρυφῆς
963 4297 1112 4360 έκάςτοτε
1139 4295 1242 4360 Locu-

124 4398 234 4461 uenios
257 4418 299 4464 ex
322 4398 521 4462 substantivo
546 4399 726 4482 ςκορὸδοις,
751 4399 837 4482 quod
859 4399 894 4461 in
911 4399 940 4460 V
956 4399 1081 4482 legitur,
1105 4397 1240 4462 formam
