3176 5222
225 527 275 583 Die
294 529 497 596 παρακλητικοί
516 530 546 584 in
564 530 615 585 der
633 531 828 600 griechischen
847 547 873 586 u.
889 533 1119 588 commoratur.
1192 529 1233 592 91

98 704 158 778 τῆς
188 701 339 778 πατρίδος
364 699 404 765 οὐ
429 701 672 780 κινδυνευοὺςης
699 707 760 767 νῦν
787 703 892 768 αὑτοίς
916 707 983 769 τοῖς
1011 707 1235 783 ςτρατοπέδοις

99 803 184 866 ἀλλὰ
195 806 259 867 τοῖς
272 800 367 868 ὅλοις.
383 805 410 867 τί
422 804 483 882 γάρ
496 803 539 867 ἔτι
553 809 723 882 πραςθεῑςα
734 809 801 872 ταῖς
815 805 1040 888 ὑποκειμένοις,
1058 808 1115 871 ἐάν
1127 807 1237 873 ἄλλως

99 927 177 971 πως
197 907 236 971 τά
257 907 403 984 παρόντα
431 913 534 990 κριθῇ,
563 909 793 986 περιγενήςεται
816 914 884 972 τῶν
907 908 1046 991 ἐχθρῶν,
1074 910 1132 973 οὐκ
1156 911 1235 989 ἔχει·

99 1014 210 1074 πᾶςαν
224 1010 284 1089 γάρ
300 1010 359 1086 τήν
374 1009 471 1089 αὑτῆς
484 1011 662 1088 προθυμίαν
679 1011 730 1073 καί
747 1012 881 1089 δύναμιν
897 1011 940 1075 είς
957 1010 1036 1089 ὑμᾶς
1049 1011 1236 1095 ἀπήρειςται,

99 1113 154 1176 καί
179 1113 278 1178 πάςας
305 1113 362 1178 τάς
391 1115 516 1178 ἐλπίδας
544 1114 607 1193 ἔχει
634 1117 690 1191 τῆς
718 1115 870 1190 ςωτηρίας
899 1114 934 1178 ἐν
963 1115 1042 1193 ὑμῖν.
1074 1113 1121 1178 ὼν
1149 1115 1235 1193 ὑμεῖς

99 1216 203 1292 αὐτὴν
226 1219 267 1294 μὴ
293 1221 501 1296 διαψευςθῆτε
529 1221 601 1300 νῦν,
626 1217 693 1282 ἀλλ’
715 1217 854 1282 ἀπόδοτε
879 1222 936 1296 μέν
963 1225 1000 1302 τῇ
1029 1220 1152 1298 πατρίδι
1179 1220 1237 1284 τάς

99 1317 306 1398 ἁρμοζοὺςας
322 1322 458 1400 χάριτας,
476 1317 672 1406 φανερὸνρδέ
687 1323 778 1384 πόαν
796 1319 978 1399 ἀνθρώποις
994 1324 1141 1399 ποιήςατε
1158 1322 1236 1385 διότι

98 1421 153 1483 καὶ
178 1422 218 1484 τά
240 1422 399 1502 πρότερον
418 1422 620 1501 ἐλαττώματα
639 1424 774 1498 γέγονεν
793 1421 832 1486 οὐ
854 1423 905 1488 διά
925 1425 962 1487 τὸ
981 1423 1157 1500 Ῥωμαίους
1177 1423 1236 1502 χεί-

99 1545 184 1602 ρους
211 1523 330 1602 ἄνδρας
359 1519 436 1588 εἶναι
461 1525 697 1604 Καρχηδονίων,
725 1525 809 1590 ἀλλὰ
837 1525 877 1591 δι’
901 1527 1044 1605 ἀπειρίαν
1071 1531 1136 1591 τῶν
1164 1527 1237 1591 τότε

100 1629 296 1706 μαχομένων
309 1628 358 1691 καί
371 1628 421 1690 διὰ
432 1628 487 1692 τὰς
501 1626 535 1690 ἑκ
547 1633 613 1692 τῶν
625 1633 744 1707 καιρῶν
756 1629 952 1706 περιςτάςεις.
978 1628 1107 1693 Ebenso
1120 1629 1232 1694 Nikias

98 1729 155 1793 bei
176 1729 272 1794 Thuo.
289 1730 361 1812 vn,
378 1731 430 1812 64,
447 1731 483 1794 2:
508 1731 558 1795 καί
581 1731 759 1808 ἐνθυμεῑςθε
783 1731 853 1795 καθ’
870 1733 1017 1796 έκάςτους
1038 1753 1072 1796 τε
1091 1733 1141 1796 καὶ
1160 1733 1235 1811 ξύμ-

99 1852 221 1897 παντες
243 1831 290 1896 ότι
310 1833 339 1898 οἱ
362 1835 397 1898 ἐν
415 1837 483 1898 ταῖς
504 1834 615 1897 ναυςίν
635 1833 725 1910 ὑμῶν
748 1838 810 1899 νῦν
829 1833 970 1912 ἐςόμενοι
994 1835 1045 1898 καί
1063 1835 1152 1900 πεζοί
1169 1838 1235 1900 τοῖς

92 1928 271 2012 Ἀθηναίοις
300 1936 353 2001 είςὶ
381 1936 431 1999 καί
459 1940 533 2015 νῆες
562 1935 612 1999 καί
639 1936 657 2013 ἡ
691 1936 868 2002 ὑπόλοιπος
896 1937 990 2002 πόλις
1015 1939 1065 2002 καὶ
1092 1939 1128 2001 τὸ
1159 1937 1238 2014 μέγα

99 2035 210 2114 ὄνομα
231 2044 297 2102 τῶν
309 2037 462 2120 Ἀθηνῶν,
488 2041 558 2116 περί
583 2039 638 2122 ιὺν,
660 2040 688 2105 εί
701 2043 745 2104 τίς
768 2061 796 2104 τι
815 2043 922 2120 έτεροτ
947 2043 1058 2120 ἑτέρου
1081 2042 1238 2120 προφέρει

97 2143 119 2219 ἢ
145 2143 293 2225 ἐτπςιήμιχ
316 2143 335 2219 ἢ
359 2141 505 2224 εὐψυχίᾳ,
524 2141 583 2205 οὐκ
610 2141 649 2206 ἀν
669 2142 705 2207 ἐν
728 2142 813 2224 ἄλλῳ
837 2147 959 2220 μᾶλλον
987 2149 1085 2228 καιρῷ
1109 2145 1238 2208 ἀποδει-

100 2245 239 2321 ξάμενος
262 2243 358 2308 αὐτός
379 2264 414 2307 τε
437 2243 522 2326 αὑτῷ
540 2243 702 2323 ὠφέλιμος
721 2247 844 2320 γένοιτο
868 2245 918 2308 καὶ
941 2250 1008 2311 τοῖς
1027 2247 1157 2322 ξύμπαςι
1177 2267 1239 2310 ςω-

98 2347 223 2423 τήριος.
246 2382 289 2391 -
317 2345 384 2410 For
410 2346 570 2409 romische
603 2345 797 2410 Gesohichto
827 2347 972 2430 gewinnh
1001 2347 1108 2412 dieser
1134 2348 1238 2431 Topos

101 2453 158 2517 oin
185 2453 315 2536 speziell
344 2453 522 2518 romischcs
546 2453 672 2517 Kolorit
703 2453 806 2518 durch
838 2452 902 2518 den
924 2454 1072 2519 ffinweis
1100 2455 1157 2519 auf
1185 2456 1238 2520 dio

99 2557 298 2640 Gcgonwart
315 2555 372 2620 dor
384 2555 525 2620 Consuln
538 2555 618 2620 oder
629 2555 686 2621 des
699 2555 820 2638 Senats,
832 2559 930 2621 untcr
941 2555 1040 2621 deren
1052 2559 1168 2642 Augen
1181 2556 1240 2622 dor

98 2658 255 2741 gemeino
278 2656 377 2721 Maon
401 2657 531 2741 khmpft.
562 2657 603 2721 So
627 2657 787 2721 Aemilius
810 2659 932 2723 Paulus
955 2679 1014 2722 vor
1033 2658 1161 2724 Cannae
1186 2658 1237 2723 boi

101 2759 404 2843 P01.11]‚109,1:
436 2765 566 2838 πρῶτον
593 2763 653 2840 γὰρ
682 2762 769 2840 ἡμεῖς
797 2763 974 2843 ἀμφότεροι
1001 2765 1167 2844 πάρεςμεν,
1199 2763 1238 2828 οὐ

101 2865 211 2943 μόνον
234 2864 322 2927 αὑτοὶ
346 2866 594 2942 κοινωνήςαντες
615 2867 685 2944 ὑμῖν
708 2871 774 2931 τῶν
798 2866 964 2948 κινδύνων,
988 2867 1067 2930 ἀλλὰ
1091 2867 1140 2930 καί
1162 2867 1238 2930 τοὺς

101 2968 138 3030 ἐκ
159 2966 400 3047 τοῦπρότερον
420 2969 510 3034 ἔτους
530 2971 686 3050 ἄρχοντας
705 2973 848 3051 ἑτοίμους
868 2972 1141 3050 παρεςκευάκαμεν
1157 2973 1239 3048 πρὸς

101 3073 141 3134 τὸ
171 3071 273 3148 μένειν
292 3072 341 3135 καί
364 3073 500 3151 μετέχειν
524 3075 715 3138 τῶναύτῶν
739 3075 886 3150 ἀγώνων.
921 3073 1027 3137 Aulus
1050 3073 1239 3137 Postumius

102 3191 168 3234 vor
186 3171 244 3234 der
262 3171 414 3236 Schlacht
427 3192 532 3256 gogen
552 3172 604 3238 dio
622 3174 771 3238 Latinor:
796 3174 889 3239 Dion.
905 3175 976 3238 Hal.
993 3176 1090 3240 Arch.
1103 3176 1159 3258 VI,
1172 3177 1201 3257 9,
1221 3179 1236 3239 l

102 3275 249 3352 μέγιςτον
262 3275 500 3354 παρακέλευςμα
512 3275 558 3340 όπ
567 3277 682 3342 πάντες
694 3276 723 3340 οἱ
732 3278 952 3355 πρωτεύοντες
960 3281 1019 3341 τοὺ
1032 3280 1238 3357 βουλευτικοῦ

102 3379 273 3456 ςννεδρίου
296 3377 441 3456 πάρειςιν.
477 3377 522 3441 Es
545 3379 587 3442 ist
613 3399 694 3460 ganz
718 3379 879 3444 nathrlich
909 3380 975 3443 und
1000 3381 1057 3444 dor
1080 3381 1239 3444 Sihuation

102 3478 353 3562 entspreohond‚
373 3477 434 3543 dass
451 3480 623 3565 Pompeius
642 3482 763 3545 sowohl
783 3482 836 3546 bei
851 3481 965 3547 Luhan
981 3482 1028 3546 als
1045 3483 1099 3548 bei
1113 3483 1239 3568 Appian

103 3579 216 3645 djoses
232 3581 362 3664 speziell
380 3583 539 3647 romische
557 3583 658 3647 Μοίίν
682 3583 739 3649 dor
757 3586 990 3650 Anwesenheit
1014 3607 1076 3650 von
1096 3587 1240 3651 Consuln

104 3683 176 3748 und
206 3684 382 3749 Senatoren
410 3686 468 3749 mit
496 3686 567 3751 dem
590 3687 750 3768 Hinwcis,
781 3687 841 3751 doss
871 3686 912 3751 da
939 3689 996 3752 der
1023 3689 1240 3772 rechtmhssige

104 3787 198 3852 Stant
220 3787 271 3864 ist,
296 3809 344 3852 wo
369 3789 457 3853 diosc
479 3789 733 3872 Wiirdentrhger
756 3790 878 3866 είαίιοιι,
902 3810 1005 3874 gogen
1031 3791 1148 3856 Caesar
1166 3811 1240 3856 aus-

105 3889 229 3955 bcuteh
253 3889 299 3954 Er
313 3891 462 3956 crmahnt
478 3912 536 3956 vor
551 3892 608 3956 der
623 3892 774 3956 Schlacht
789 3892 842 3956 bei
853 3893 1024 3958 Pharsalos
1035 3894 1089 3958 bei
1102 3895 1241 3978 Appion.

106 3994 188 4059 Bell.
203 3995 265 4059 civ,
278 3994 318 4077 11,
334 3996 391 4059 72:
411 4045 417 4059 .
435 4045 441 4059 .
459 4043 465 4057 .
482 3994 699 4073 ἀγωνιζόμεθα
715 3997 791 4071 μετὰ
807 3995 919 4073 νόμων
939 3997 988 4060 καί
1005 3996 1100 4074 δόξης
1117 3996 1240 4075 ἀγαθῆς

107 4099 160 4161 καί
178 4099 320 4162 τοςῶνδε
338 4095 468 4177 ἀνδρῶν
490 4099 556 4159 τῶν
573 4100 630 4174 μὲν
649 4095 713 4158 ἀπὸ
736 4097 857 4176 βοὺλης,
876 4101 940 4161 τιὺν
957 4098 986 4162 δ’
1003 4097 1136 4178 ἱππέων,
1157 4099 1239 4175 πρὸς

106 4203 215 4282 ἄνδρα
227 4204 284 4267 ἕνα
297 4197 552 4288 ληςτεύονταζτήν
565 4201 741 4279 ἡγεμονίαν.
758 4199 848 4264 Dazu
860 4199 978 4264 Lucan.
987 4199 1097 4263 Phars
1105 4199 1147 4281 11,
1158 4201 1239 4262 564:

201 4303 275 4370 Non
297 4303 422 4387 privato
444 4304 544 4386 cupis
569 4301 712 4366 Romana
735 4302 883 4384 quisquis
907 4301 942 4364 in
965 4302 1047 4366 urbo

201 4407 390 4490 Pompeium
415 4406 551 4469 transire
575 4425 681 4488 paras:
707 4405 783 4469 hinc
807 4406 1089 4488 consulumque,
