3184 5234
326 422 372 484 56
751 427 868 482 Victor
887 426 1030 496 doulon,

326 599 528 678 ςιιορόδοιςιν
552 599 783 664 restituendam
808 617 879 664 esse
902 599 1034 684 putarit.
1060 598 1124 664 Sed
1148 600 1204 682 qui
1227 599 1404 682 scripturae
1424 598 1454 658 V

324 703 425 768 fidem
449 703 551 784 habet
575 722 646 767 mea
662 704 793 786 quidem
809 705 967 770 sententia
985 723 1098 769 vocem
1114 705 1282 784 ςκορίιδοις
1301 705 1455 786 integrum

326 808 470 891 recipere
493 807 545 888 (ci.
563 811 699 890 χρυςοῖς,
725 811 822 873 λίθοις
846 810 879 871 in
904 829 933 872 r.
954 808 1175 889 antecedente)
1195 812 1227 873 ot
1244 807 1337 871 metri
1362 825 1456 870 causa

327 910 500 974 articulum
515 914 572 988 τῆς
589 915 665 974 ante
677 915 803 989 τροφῆς
820 930 895 996 cum
910 911 994 974 lunt.
1008 909 1055 975 ed.
1068 913 1211 975 inserere
1226 909 1328 974 debet
1345 909 1457 991 Neque

327 1031 404 1076 vero
427 1013 547 1094 dubito,
572 1014 651 1094 quin
675 1032 748 1076 cum
771 1012 942 1094 Meinehio,
967 1013 1115 1096 Volsone,
1139 1014 1210 1076 aliis
1231 1013 1326 1078 lectio
1341 1012 1371 1076 R
1386 1034 1458 1077 ςκα-

328 1119 448 1196 ροδίοις
472 1114 642 1180 retinenda
664 1116 707 1178 sit
730 1119 762 1180 et
785 1135 831 1197 oo,
856 1117 942 1198 quod
967 1137 1040 1181 eum
1065 1119 1181 1182 ceteris
1204 1117 1353 1181 omnibus
1372 1115 1458 1179 ccdi-

329 1219 420 1284 cibus
448 1225 515 1281 tum
544 1218 739 1281 scholiorum
769 1219 1037 1302 explicationibus
1067 1221 1263 1300 ςκοροδίοις,
1293 1223 1361 1284 τοῖς
1393 1223 1459 1282 τῶν
1563 1277 1564 1284 ,

329 1322 499 1400 ςκορόδιιιν
514 1322 659 1402 φύλλοις,
676 1320 894 1405 confirmetur,
911 1328 944 1386 et
958 1342 1005 1404 eo,
1028 1322 1114 1404 quod
1135 1322 1343 1387 deminutiris
1358 1321 1460 1385 liben-

328 1424 451 1488 tissime
475 1424 526 1486 usi
549 1429 627 1487 suut
650 1425 773 1488 comici.

418 1527 457 1590 In
482 1547 509 1590 v.
527 1529 591 1590 885
612 1527 683 1592 ἀλλ’
697 1527 757 1592 οὒκ
773 1527 872 1593 {netu
889 1529 1096 1608 ςυκοφάντου
1115 1517 1273 1607 δήγματος
1290 1527 1320 1588 V
1336 1526 1460 1590 scribae
1563 1581 1564 1594 ,

328 1630 446 1695 mendo
470 1650 528 1714 pro
546 1631 707 1708 δήγματος
722 1630 855 1714 praebet
878 1633 1076 1710 διηγήματος.
1102 1630 1147 1694 Ut
1161 1630 1239 1694 alios
1255 1631 1460 1712 praeteream,
1563 1649 1564 1694 ι

329 1734 386 1816 qui
410 1734 497 1798 hunc
521 1752 652 1796 versum
675 1733 901 1816 corrigendum
925 1737 957 1798 et
980 1731 1218 1796 emendandum
1235 1751 1304 1796 esse
1328 1751 1463 1796 censue·
1563 1779 1564 1826 3

328 1841 418 1918 mmt‚
449 1837 609 1900 Valsenus
638 1841 671 1900 et
693 1835 907 1900 Leeuwenius
930 1836 1072 1919 pellecti,
1103 1837 1228 1918 opinor,
1259 1835 1465 1898 adnotatione

329 1939 472 2003 scholii
497 1940 592 2003 λείπει
616 1940 789 2018 φάρμακον
814 1940 896 2003 hanc
919 1957 1031 2003 vocem
1060 1939 1165 2002 textui
1187 1939 1397 2001 inseruerunt
1420 1938 1463 2000 ita
1564 1935 1565 2022 ξ

330 2043 470 2124 quidem,
494 2049 530 2104 ut
553 2041 607 2105 ille
633 2042 785 2120 φάρμακα
809 2042 838 2106 δ’
855 2043 953 2106 ἔνεςτι
977 2041 1183 2119 ςυκοφάντου
1209 2042 1385 2118 δήγματος;
1412 2040 1465 2102 hic

329 2145 401 2208 ἀλλ’
423 2145 483 2208 οὐκ
512 2143 610 2208 ἔνεςτι
642 2145 849 2223 ςυκοφιίντου
882 2144 1054 2223 φάρμακον
1084 2142 1246 2207 scriberet.
1279 2141 1464 2206 Leeuwenii

330 2248 517 2311 coniectura
531 2245 733 2329 repudianda
752 2249 808 2326 est
829 2247 949 2328 quippe
968 2265 1032 2328 qua
1050 2245 1287 2309 substantivum
1304 2247 1464 2324 δήγματος
1564 2231 1567 2310 ,’

331 2369 349 2414 o
368 2354 461 2413 textu
481 2349 623 2430 eiciatur,
648 2348 734 2431 quod
753 2368 868 2412 vereor
891 2355 927 2411 nt
942 2367 982 2412 ex
999 2349 1314 2431 interpretationem
1334 2367 1465 2411 versum
1564 2377 1565 2386 ι

330 2452 472 2534 irrepere
495 2452 643 2534 potuerit
683 2451 796 2532 Neque
821 2452 991 2533 quisquam
1015 2451 1147 2515 Valseni
1176 2451 1385 2514 mutationem
1417 2469 1465 2513 se-

333 2560 457 2636 quetur,
482 2573 578 2636 quam
600 2556 671 2638 ipse
694 2556 728 2617 in
752 2554 857 2617 adnot.
874 2554 914 2617 ad
939 2555 967 2616 h.
984 2574 1012 2618 γ.
1029 2554 1185 2617 incertam
1209 2573 1279 2617 esse
1301 2553 1467 2636 protessus

332 2663 390 2723 est.
416 2657 498 2721 Mihi
522 2657 649 2739 quidem
676 2657 889 2722 Leeuwenius
913 2662 944 2721 et
962 2656 1121 2721 Velsenus
1145 2656 1266 2720 scholio
1286 2657 1315 2720 R
1338 2657 1466 2739 decepti

332 2760 490 2824 uidentur.
514 2760 581 2824 Tali
597 2762 684 2824 onim
703 2761 906 2824 adnotatione
922 2759 1112 2824 scholiastae
1132 2760 1212 2823 nihil
1229 2759 1316 2822 aliud
1335 2777 1467 2823 monere

332 2867 366 2928 in
390 2866 496 2928 animo
520 2864 681 2928 habebant
708 2865 771 2928 nisi
795 2865 872 2928 hoc:
902 2885 971 2928 eam
996 2885 1121 2947 vocem,
1151 2885 1234 2948 quae
1258 2867 1385 2948 praeter
1409 2884 1468 2928 ex-

332 2969 564 3052 spectationem
580 2969 614 3030 in
631 2973 723 3032 textu
739 2969 857 3032 omissa
873 2971 958 3032 esset
969 2988 987 3030 a
999 2971 1100 3051 poeta
1116 2965 1371 3032 subaudiendam
1387 2985 1467 3030 esse.

334 3071 457 3136 Versus
480 3077 590 3135 noster
612 3073 712 3154 igitur
735 3072 851 3134 omisso
875 3070 1075 3134 substantivo
1099 3071 1272 3149 φάρμακον
1291 3069 1469 3134 vertendus

334 3180 397 3239 est:
422 3177 467 3238 At
483 3195 547 3238 non
563 3175 648 3238 inest
663 3174 817 3237 adversus
832 3174 1050 3256 sycophantae
1066 3192 1217 3254 morsum,
1237 3174 1282 3235 ita
1297 3179 1334 3236 ut
1348 3171 1469 3236 subau-

334 3276 487 3341 diendum
512 3277 554 3340 sit
576 3276 808 3340 “remedium’'.
837 3275 990 3340 Conferas
1014 3275 1111 3339 velim
1140 3274 1288 3339 idoneam
1311 3275 1470 3358 interpre

334 3380 485 3443 tationem
511 3378 629 3443 Suidae
653 3398 676 3442 s.
694 3398 724 3441 v.
743 3378 812 3443 ἀλλ’
831 3377 890 3443 οὐκ
914 3379 1021 3460 ἔνεςτι,
1053 3397 1135 3460 quae
1159 3379 1255 3442 etiam
1278 3379 1314 3440 in
1336 3377 1469 3441 scholiis

336 3483 453 3545 nostris
477 3482 658 3560 invenitur3
683 3483 718 3543 in
742 3501 805 3563 qua
830 3481 868 3544 de
890 3483 1048 3564 δακτυλίῳ
1073 3499 1176 3545 sermo
1198 3482 1246 3543 est
1269 3483 1469 3561 φαρμακίτης

336 3585 432 3676 vulgp
449 3590 569 3648 vocato.
597 3583 667 3660 Quo
685 3604 726 3648 ex
741 3585 810 3667 ipso
827 3584 916 3647 anuli
932 3585 1061 3648 nomine
1081 3586 1212 3667 apparet
1230 3583 1471 3647 substantivum

337 3689 510 3768 φάρμακον
541 3687 853 3770 subintellegendum
884 3705 963 3751 esse
1002 3687 1114 3769 Itaque
1143 3706 1216 3750 cum
1245 3685 1409 3750 Meinekio
1440 3691 1471 3748 et

336 3791 508 3872 Bleydesio
525 3791 680 3854 adversus
693 3789 870 3854 Velsonum
886 3794 918 3853 et
929 3788 1158 3854 Leeuwenium
1171 3807 1301 3853 versum
1312 3825 1357 3834 —
1374 3789 1469 3852 etiam

337 3894 375 3957 ab
400 3894 565 3976 Apostolio
589 3894 623 3956 in
647 3893 791 3956 Percem.
808 3891 860 3955 Gr.
877 3892 909 3956 ΙΙ
928 3912 956 3975 p.
971 3894 1034 3955 591
1055 3891 1150 3974 (XIII
1167 3894 1220 3973 57)
1245 3893 1292 3956 sic
1309 3896 1347 3955 ut
1365 3893 1399 3954 in
1419 3911 1471 3956 oo

337 3996 464 4060 dicibus
487 3997 604 4060 nostris
632 3996 789 4079 prolatum
813 4033 856 4042 —
880 4015 944 4058 non
973 3994 1199 4077 corrigendum
1226 4014 1297 4059 esse
1325 3993 1470 4058 arbitror.

338 4099 402 4163 Hic
423 4100 513 4163 locus
538 4102 624 4164 enim
649 4119 715 4163 una
739 4105 852 4163 estex
876 4099 916 4162 iis
941 4099 1108 4163 sententiis
1132 4097 1305 4182 dicacibus,
1334 4117 1470 4180 quarum
1566 4151 1567 4178 γ

241 4192 249 4198 ’
339 4223 449 4266 mucro
474 4203 596 4266 abillis
619 4202 759 4284 quidem,
775 4203 831 4285 qui
846 4202 1072 4286 Aristophanis
1095 4201 1293 4284 temporibus
1309 4201 1471 4280 vixerunt

338 4307 445 4370 statim
478 4306 816 4390 comprehendebatur,
847 4326 866 4368 a
895 4304 988 4370 nobis
1018 4325 1103 4389 vero,
1135 4306 1253 4389 quippe
1285 4323 1357 4368 cum
1390 4303 1472 4366 absit
1566 4349 1567 4360 ,
