3058 5222
347 501 412 562 222
773 505 890 562 Victor
909 505 1054 572 Conlon,

351 677 469 742 binam.
485 679 565 742 Nou.
582 678 648 743 Ser.
665 677 774 761 XXX,
801 679 896 760 1902,
920 699 949 762 p.
966 679 1031 742 409
1060 677 1202 760 exponit,
1230 675 1388 759 quomodo
1412 697 1464 754 κρι-

349 785 503 860 βανωτῶν
526 801 583 865 pro
600 786 785 861 κριβανιτῶν
802 783 909 846 ortum
928 782 989 862 siti,
1005 802 1034 845 ν.
1052 783 1116 846 765
1138 782 1186 846 sic
1210 778 1399 844 scribendus
1412 791 1464 843 est:

348 884 512 960 εὐαγγέλιά
536 888 779 964 cenomanum
804 885 946 966 ὁρμαθῷ.

439 986 476 1049 In
501 987 642 1051 Avium
658 1007 686 1050 v.
704 988 746 1050 66
770 989 819 1051 καὶ
845 989 906 1065 μὴν
930 986 1008 1065 ἐροῦ
1032 987 1071 1050 τὰ
1086 988 1168 1065 πρὸς
1182 990 1305 1066 ποδῶν,
1321 986 1405 1068 quod
1419 1005 1466 1048 en·

349 1090 488 1172 plicatur
517 1089 723 1153 adnotatione
752 1088 850 1153 schol.
880 1091 961 1164 λὲγει
987 1092 1023 1153 δὲ
1046 1091 1091 1154 ὼς
1122 1091 1268 1154 ἀπὸτοῦ
1292 1091 1468 1152 δέουςένα-

350 1195 476 1272 φεικώς
504 1197 592 1256 recte
619 1192 739 1275 legitur
766 1193 800 1256 in
830 1191 898 1256 RV.
934 1191 971 1255 ln
997 1192 1094 1256 schol.
1110 1192 1141 1253 V
1156 1192 1229 1257 Ald.
1253 1191 1334 1256 haec
1357 1191 1470 1254 inveni-

348 1299 461 1358 untur:
490 1295 643 1375 γράφεται
667 1297 716 1358 καὶ
740 1297 803 1372 μὴν
825 1294 929 1374 ἐρώτα
952 1295 1032 1373 πρὸς
1056 1298 1178 1376 ποδῶν,
1207 1294 1254 1359 ὅτι
1278 1295 1469 1374 ςαφὲςτερον.

348 1399 397 1461 καὶ
420 1398 499 1476 τάχα
522 1397 562 1461 ἂν
586 1397 630 1475 εἴη
654 1400 734 1461 κατὰ
756 1401 814 1475 τὴν
837 1398 974 1460 παλαιὰν
998 1400 1147 1475 ςημαςίαν
1162 1399 1381 1476 γεγραμμένον
1399 1398 1432 1458 τὸ
1447 1396 1471 1457 ἔ-

351 1520 410 1576 pou
440 1501 513 1580 ἔρω,
542 1503 719 1580 μετελήφθη
748 1501 910 1580 ίςημαςίαν
932 1501 969 1563 τὸ
994 1500 1066 1578 ἔρεο
1090 1501 1178 1580 ἔρον,
1203 1502 1374 1579 μετεβλήθη
1398 1497 1471 1566 Aldt

349 1605 386 1667 δὲ
409 1603 451 1667 είς
473 1605 509 1667 τὸ
535 1605 570 1667 ὧ.
595 1604 629 1666 ἔν
652 1624 706 1667 τιτι
730 1607 766 1666 δὲ
788 1604 961 1682 γράφεται·
985 1605 1035 1666 καὶ
1059 1606 1121 1682 μὴν
1144 1604 1248 1680 ἐρώτα
1270 1603 1351 1680 πρὸς
1377 1605 1471 1664 τίνων.
1516 1655 1517 1664 ,

348 1707 367 1783 ἢ
392 1709 441 1770 καὶ
465 1705 568 1771 οὕτω·
593 1710 725 1785 καὶμὴν
749 1707 853 1785 ἐρώτα
876 1709 958 1786 πρὸς
981 1708 1092 1771 παίων.
1121 1706 1170 1770 οο
1193 1705 1254 1770 hac
1277 1705 1473 1769 adnotatione

350 1807 541 1873 Dindomius
570 1810 666 1893 (apud
693 1809 818 1874 Duebn.
839 1830 868 1892 p.
890 1811 967 1891 479)
997 1810 1046 1874 sic
1075 1809 1246 1873 iudicavit:
1280 1807 1377 1872 “Hoc
1405 1807 1473 1870 dicit

350 1911 528 1993 scholiasta,
553 1913 632 1977 ΕΡΟ
649 1931 736 1976 more
755 1912 888 1994 antiquo
905 1913 1061 1996 seriptum
1077 1911 1266 1994 ambiguum
1286 1931 1358 1975 esse
1375 1919 1473 1974 utrum

352 2035 428 2092 ερου
456 2035 497 2078 an
525 2035 590 2092 ερω
622 2015 799 2098 significet:
829 2013 916 2078 unde
945 2015 1077 2097 iactum,
1107 2021 1145 2079 ut
1171 2016 1225 2078 aiii
1254 2017 1333 2093 ἐμοῦ
1356 2017 1406 2094 τὰ,
1429 2014 1475 2077 alii

349 2117 454 2194 ἐρώτα
469 2119 646 2200 legerent”.
663 2118 848 2202 Scripturae
864 2124 974 2182 autem
996 2122 1078 2197 πρὸς
1096 2121 1194 2183 τίνων
1218 2124 1251 2183 et
1272 2120 1354 2196 πρὸς
1380 2120 1474 2182 ποίων

351 2218 561 2284 hauddubie
589 2221 696 2284 stultis
719 2219 950 2304 interpretibus
975 2220 1142 2302 debentur,
1171 2223 1326 2302 quicum
1352 2219 1475 2284 obscoe

351 2341 430 2385 num
445 2322 526 2386 illud
542 2324 580 2386 τὰ
595 2327 677 2402 πρὸς
694 2327 808 2388 ποδῶν
824 2344 889 2386 non
905 2323 1140 2406 intellegerent,
1160 2325 1264 2402 ἐρώτα
1279 2327 1364 2403 πρὸς
1382 2327 1476 2387 παίων

350 2424 563 2507 scripserunt3
589 2425 668 2490 haec
691 2426 789 2490 verba
822 2427 962 2510 denique
986 2429 1020 2490 in
1049 2428 1152 2506 ἐράπα
1179 2431 1262 2506 πρὸς
1290 2431 1389 2493 τίνων
1417 2446 1477 2489 mu·

349 2531 415 2590 tata
437 2535 521 2592 sunt.

441 2631 595 2696 Similiter
616 2633 651 2694 in
675 2651 736 2696 uss,
754 2633 931 2697 204--205
956 2636 1115 2711 καλοῦμεν
1139 2634 1271 2698 αὐτούς·
1303 2634 1332 2697 οἱ
1358 2637 1396 2696 δὲ
1418 2637 1476 2712 νῷν

350 2737 408 2796 τοῦ
440 2737 624 2814 φθέγματος
644 2734 648 2817 Ι
670 2735 786 2813 ἐάνπερ
818 2738 1027 2816 ἐπακοῦςωςι,
1058 2736 1220 2799 θεύςονται
1250 2737 1365 2818 δρόμῳ
1398 2735 1476 2798 varia

349 2834 445 2899 lectio
461 2835 559 2900 schol.
575 2837 604 2902 R
624 2841 745 2915 καλοῑμι
761 2838 801 2902 ἂν
818 2839 934 2903 αὐτοὺς
956 2839 1032 2902 inde
1056 2841 1126 2902 orta
1141 2841 1197 2919 est
1222 2838 1311 2920 quod
1326 2857 1476 2921 grammo-

349 2939 432 3002 tiaus
454 2941 566 3003 nescio
591 2942 671 3022 quic,
696 2942 750 3004 cui
773 2940 944 3005 offensioni
969 2947 1038 3006 erat
1060 2941 1192 3024 pluralis
1216 2945 1388 3019 καλοῦμεν,
1412 2959 1475 3004 cum

351 3041 448 3120 ἐμβὰς
479 3047 511 3106 et
541 3043 702 3122 ἀνεγείρας
731 3044 961 3126 praecederent
989 3045 1024 3107 in
1056 3063 1116 3108 uss.
1139 3045 1213 3126 202,
1236 3045 1316 3124 203,
1346 3044 1475 3106 fornram

349 3144 545 3226 singularem
568 3145 768 3210 scribendam
785 3165 856 3210 esse
880 3147 1025 3210 coniecit
1056 3145 1169 3229 Neque
1186 3164 1261 3210 vero
1286 3163 1364 3208 cnm
1388 3147 1477 3207 inter-

350 3255 439 3329 prete
469 3247 523 3312 illo
553 3247 739 3312 iaciendum
769 3248 861 3313 nobis
893 3255 949 3330 est,
981 3269 1054 3312 cum
1085 3251 1244 3326 καλοῦμεν
1275 3269 1293 3311 a
1324 3248 1477 3313 sententia

349 3349 446 3414 huius
462 3351 526 3415 loci
542 3351 682 3416 alienum
702 3373 767 3415 non
788 3354 837 3415 sit.
865 3353 964 3416 Recte
981 3353 1068 3416 enim
1083 3351 1225 3416 Kockius
1241 3351 1301 3432 (ed.
1318 3351 1370 3414 III
1389 3353 1477 3424 1894)

350 3453 389 3516 ad
414 3454 485 3518 br.
501 3455 741 3518 animadvertit:
767 3454 855 3520 “Der
873 3455 983 3519 Plural
1006 3460 1086 3518 trotz
1110 3455 1206 3534 ἐμβὰς
1229 3453 1296 3516 und
1321 3455 1477 3530 ἀνεγείρας

350 3556 422 3620 weil
445 3578 480 3621 er
504 3557 572 3621 dies
588 3557 693 3640 allaim,
717 3558 773 3621 das
789 3559 896 3623 Rufen
921 3558 978 3622 der
989 3557 1092 3640 Vogel
1111 3557 1188 3620 aber
1203 3558 1262 3618 mit
1277 3555 1337 3619 der
1352 3555 1477 3619 Nachti-

350 3659 414 3740 gall
437 3660 613 3724 ausiiihren
628 3661 701 3724 will.
725 3660 834 3725 Daher
848 3667 917 3744 νῷν
932 3665 990 3725 τοῦ
1006 3660 1084 3740 φθ.”
1113 3659 1317 3723 Constructio
1341 3659 1401 3721 ilia
1416 3659 1476 3740 qui·

350 3762 423 3825 dem
439 3764 535 3841 ἐμβάς
547 3801 590 3810 -
603 3763 695 3827 ἔπειτ’
707 3765 869 3842 ἀνεγείρας
880 3799 925 3810 -
939 3766 1099 3840 καλοῦμεν
1116 3763 1240 3843 αὐτούς,
1260 3781 1343 3843 quae
1361 3759 1476 3826 scholio

350 3871 430 3930 teste
453 3867 515 3929 iam
541 3867 683 3948 antiquis
705 3866 936 3949 interpretibus
959 3865 1107 3929 notabilis
1130 3865 1308 3946 videbatur,
1337 3869 1476 3928 contorta

351 3971 407 4050 cst
436 3967 494 4033 sed
522 3968 680 4051 exemplis
708 3968 872 4032 aKockio
902 3976 934 4031 et
959 3967 1130 4050 Blaydesio
1158 3967 1198 4031 ad
1227 3967 1257 4030 h.
1275 3987 1303 4030 τ.
1321 3966 1476 4050 congestis

350 4073 582 4154 quadamtenus
607 4072 798 4136 defenditur.
827 4073 1018 4136 Plenissime
1040 4092 1116 4137 sane
1140 4073 1286 4135 redditur
1309 4073 1475 4136 verborum

349 4181 511 4243 structura
533 4178 721 4242 Leeuwenii
748 4180 893 4262 speciosa
921 4179 1108 4243 coniectura
1135 4179 1297 4256 ἀνεγείρας
1320 4180 1381 4254 τήν
1407 4179 1476 4255 ἐμὴν

349 4281 472 4359 ἀηδόνα
493 4279 497 4365 Ι
519 4285 617 4344 καλῶ
643 4281 719 4358 μετ’
739 4282 853 4361 αὐτῆς
876 4283 910 4344 in
933 4281 1052 4345 Mnem.
1069 4281 1149 4344 Xov.
1166 4281 1232 4345 Ser.
1249 4279 1360 4362 XXX,
1389 4280 1475 4344 1902.

350 4405 377 4467 p.
396 4385 446 4447 68.
