3058 5222
262 521 452 590 Quaestiones
472 521 587 578 criticae
606 522 636 578 in
654 522 852 594 Aristophanis
871 524 991 580 fabulas.
1128 517 1191 582 211

77 723 134 761 ves.
298 693 371 759 Soh.
895 695 954 762 RV

82 804 148 867 204
172 802 348 877 *καλοῦμεν
367 797 500 863 αῦτοὺα
524 798 601 878 γρά-
776 801 933 877 καλοῦμεν
957 799 1074 865 αὐτοὺς

172 923 264 984 φεται
277 901 339 965 καί·
356 903 476 978 καλοῑμι
491 901 532 966 ἂν
543 901 600 965 αιἰ-

172 1009 248 1072 τοὺε
270 1003 417 1069 schol.R

82 1113 148 1176 348
174 1109 292 1188 ῥύγχει;
303 1109 456 1187 γράφεται
467 1106 599 1185 καίῥάμ-
655 1108 762 1188 ῥύγχει
781 1128 805 1172 r.
823 1108 869 1172 Of.
886 1108 1045 1172 Kockium
1065 1107 1105 1172 ed
1121 1108 1150 1171 h.
1164 1127 1192 1171 ν.

173 1233 226 1294 φει
249 1210 391 1276 schol.V
654 1217 686 1276 et
715 1210 838 1276 Iacobii
871 1213 1013 1276 comicae
1042 1211 1193 1276 dictionis

653 1313 794 1380 indicem
818 1333 842 1378 s.
858 1334 887 1377 ν.
912 1314 1041 1394 ῥύγχος.

81 1422 147 1484 417
173 1419 327 1498 γράφεται
350 1418 401 1480 καὶ
424 1417 496 1495 δίχα
513 1420 602 1481 τοῦῑ
655 1417 718 1501 ὁρᾷ
735 1436 760 1481 r.
784 1417 870 1482 iilud
888 1421 1114 1508 πραεταιτιιιιὸν
1133 1417 1194 1498 ὅρα

172 1523 211 1586 τὸ
233 1522 303 1602 ὁρᾷ,
326 1522 382 1584 ἵνα
402 1519 447 1597 εἴη
467 1539 601 1599 προσα-
654 1523 862 1602 grammetico
880 1521 1008 1585 cuidam
1023 1520 1119 1586 rebus
1136 1523 1194 1584 mi-

174 1625 288 1688 ιτιικάν.
306 1627 387 1687 τινὲτ
408 1624 444 1687 δὲ
460 1625 510 1688 καὶ
525 1625 600 1702 μετά
654 1623 743 1686 nutis
767 1627 922 1707 occupato
946 1624 1090 1689 debetur.

172 1723 600 1806 τοῦῑ,ἰ’ναήἐριιιτηματικόν·

173 1829 271 1893 schol.
302 1827 331 1892 R
360 1846 423 1892 seo.
454 1829 600 1894 Rutherf.

173 1931 263 1996 Idem
276 1930 375 1995 schot
381 1931 420 2011 V,
437 1930 501 1994 nisi
514 1930 602 2012 quod

172 2035 326 2115 γράφεται
341 2036 377 2097 δὲ
392 2035 442 2098 καὶ
453 2035 530 2112 μετὰ
542 2037 600 2098 τοῦ

173 2139 265 2220 tivo
284 2137 329 2214 εἴη
352 2136 420 2218 (sic,
440 2135 601 2215 RDuebn.

174 2241 245 2304 sine
266 2239 332 2303 ulle
352 2241 460 2320 cause)
484 2241 602 2318 ἐρωτη-

175 2344 304 2420 ματικὸν
322 2362 381 2426 pro
399 2345 479 2407 τινὲε
500 2345 535 2405 δὲ
553 2345 602 2406 καὶ

174 2450 238 2509 κτλ.
261 2445 401 2528 praebet.

86 2551 151 2612 456
176 2548 603 2628 *φρενὸειέντιειρἑοῦκεῑ-
868 2554 989 2633 φρενὸε

174 2673 222 2716 ται
237 2655 275 2716 τὸ
290 2652 412 2731 φρενὸε
427 2650 525 2715 schol.
538 2670 601 2716 rec.

90 2757 149 2818 527
175 2754 331 2834 ῥάβῦοαεε
347 2753 499 2833 γράφεται
512 2775 603 2820 (ταυ-
857 2759 996 2839 ῥάβδους

175 2859 254 2935 ροάε
278 2857 376 2920 schol.
400 2877 463 2922 roo.
488 2857 536 2922 Gl.
560 2879 602 2924 ex

174 2961 439 3042 interpretatione
458 2961 604 3025 substan-

175 3063 233 3126 tivi
257 3063 397 3141 ῥάβδου(
420 3069 533 3128 ortum.

93 3165 153 3228 566
176 3165 360 3246 *γράφεται
421 3167 603 3232 Ποεειδιῦνι
903 3167 951 3234 οἶν

176 3272 257 3346 βοῦν
280 3289 325 3332 τιε
349 3270 410 3350 θύῃ
435 3270 575 3334 senoiv

93 3371 152 3434 645
176 3372 350 3450 *γράφεται
384 3373 434 3435 καί
469 3373 603 3451 Θρίηθεν
858 3376 997 3454 Κριῶθεν

175 3475 323 3556 (Θριῆθεν
333 3473 491 3558 Rutheri.)
504 3475 603 3540 schol.

175 3576 236 3640 RV

73 3679 150 3742 1091
176 3681 338 3754 *πνίγουει
368 3683 448 3743 τινὲε
476 3681 513 3743 τὸ
537 3682 604 3745 πνί-
864 3686 993 3760 πνίγοιιε

174 3802 252 3858 socc
272 3782 349 3844 κατὰ
366 3784 490 3860 γενικήν
508 3803 602 3862 φαειν

175 3882 274 3946 schol.
298 3883 357 3946 RV
372 3883 445 3948 Ald.

73 3983 153 4048 1188
176 3987 211 4051 ἔν
252 4005 307 4049 τιτι
345 3989 381 4050 δὲ
418 3993 484 4053 τῶν
523 3989 603 4053 άντι-
657 3989 1197 4076 LibriRanomododisposuerint

175 4091 313 4170 γράφων
347 4091 391 4155 εἰ(
425 4092 486 4154 δύο
517 4097 603 4156 κῶλα
659 4094 729 4158 cole
744 4095 825 4159 haec
841 4094 1036 4176 dochmiece,
1056 4096 1195 4162 editores

176 4194 315 4274 διῄρηται
347 4194 383 4256 τὸ
417 4193 463 4276 ἔν,
499 4197 535 4258 ἐν
567 4198 603 4260 δὲ
658 4215 722 4260 non
731 4197 883 4261 indicent.
894 4197 1031 4275 Quecad
1040 4202 1195 4264 vss.1188

176 4287 282 4358 ἄλλοι(
297 4299 446 4372 ευνῆπται
461 4297 603 4362 schol.V.
659 4305 692 4362 et
706 4301 792 4362 1262
810 4299 849 4364 de
867 4300 1125 4366 dochmiacarum
1141 4323 1197 4386 pe·

659 4401 824 4466 riodorum
837 4402 1048 4487 dispositione
1064 4426 1102 4470 eo
1114 4404 1195 4469 divi-

1036 4529 1086 4583 14*
