3184 5234
336 479 379 542 54
761 481 878 539 Victor
897 480 1040 551 Coulon,

336 656 423 740 quod
445 657 480 719 in
504 657 620 720 ceteris
643 654 733 719 codd.
749 654 901 718 traditum
926 657 982 735 est,
1004 653 1039 715 in
1062 650 1158 716 8-3
1176 653 1306 734 propter
1328 650 1469 715 similem

335 761 475 824 vicinam
499 758 654 840 syllabam
678 779 722 822 (ω
745 759 780 822 in
804 759 975 835 εωθείημεν
999 755 1158 819 excidisse
1179 754 1249 818 veri
1271 758 1320 818 est
1343 753 1470 818 similli-

336 882 433 927 mum.
449 865 558 944 Atque
570 861 698 945 vulgata
712 860 808 926 lectio
824 857 1026 940 χρηταίμετθ’,
1041 857 1115 922 teuc
1131 858 1301 935 τωθείημεν
1314 855 1353 920 dv
1364 857 1469 920 verbo

336 966 507 1044 εωθεὶημεν
531 963 624 1029 metri
643 963 824 1027 sustinendi
847 980 945 1027 causa
961 960 996 1023 in
1015 963 1169 1039 (ωθεῖμεν
1193 965 1356 1023 conuecto
1380 959 1470 1022 baud

337 1067 433 1133 dubie
456 1087 534 1130 vera
554 1072 609 1131 est.
633 1065 780 1148 Namque
798 1065 901 1129 forma
922 1084 988 1128 non
1008 1068 1170 1128 contracto
1193 1062 1233 1125 ab
1253 1081 1314 1126 usu
1337 1067 1470 1145 poeta-

335 1190 416 1234 rum
439 1171 620 1234 Atticorum
644 1169 746 1234 alieua
771 1175 835 1248 est3
865 1167 1010 1232 conferas
1034 1165 1145 1247 velim,
1172 1184 1255 1247 quae
1278 1164 1318 1229 de
1348 1165 1409 1228 hac
1431 1184 1472 1229 re
1573 1167 1575 1246 ἶ

336 1274 589 1338 observaverunt
603 1272 649 1336 La
661 1272 771 1337 Reche
787 1272 821 1335 in
837 1271 958 1335 Ztschr.
970 1269 991 1332 f.
1003 1268 1031 1332 d
1041 1272 1150 1333 dsterr.
1159 1268 1195 1332 G.
1206 1269 1301 1346 1874,
1317 1287 1347 1351 p.
1355 1269 1420 1331 428
1434 1273 1471 1331 et
1574 1269 1575 1332 ι

336 1376 376 1440 de
390 1376 549 1459 Bamberg
561 1377 594 1438 in
609 1374 761 1439 Ztsehr.i
776 1375 804 1438 d.
818 1371 1041 1455 Gymnasinlw.
1055 1373 1150 1450 1877,
1168 1369 1240 1434 Ber.
1253 1390 1282 1454 p.
1293 1372 1343 1434 15.
1356 1373 1469 1454 Atque

337 1479 431 1543 etiam
455 1477 651 1542 Rutheriord
674 1477 708 1540 in
731 1477 796 1540 The
821 1495 894 1541 new
917 1474 1124 1556 Phrynichus
1147 1493 1176 1556 p.
1200 1475 1263 1536 451
1278 1492 1345 1555 sqq.
1367 1472 1471 1556 pluri·
1574 1469 1575 1508 ³

336 1583 397 1644 mis
414 1581 570 1664 exemplis
590 1600 632 1644 ex
644 1581 827 1643 Atticorum
839 1583 1006 1662 poetarum
1022 1576 1139 1640 fabulis
1156 1578 1315 1659 congestis
1330 1576 1471 1640 formam

336 1687 486 1762 carticineo
510 1683 654 1766 aprime
678 1681 825 1746 Dawesio
848 1683 882 1744 in
906 1679 1040 1744 Misccil.
1066 1678 1141 1744 Orit
1164 1698 1193 1762 p.
1211 1680 1276 1742 453
1301 1677 1469 1742 defensam

336 1787 506 1870 amplexus
527 1793 581 1850 est.
606 1784 694 1862 Quae
711 1805 786 1848 oum
801 1786 846 1848 ite
862 1803 896 1848 se
912 1783 1061 1864 habeant,
1082 1782 1188 1846 iacere
1205 1801 1270 1846 non
1286 1799 1470 1865 possumne,

337 1889 415 1972 quin
438 1889 615 1972 scripturae
639 1887 735 1953 8-3
757 1889 970 1968 χρηταίμετθα,
994 1887 1166 1964 caecique
1190 1883 1229 1949 ἄν
1253 1885 1377 1948 Kockio
1397 1904 1470 1968 pro·

336 1992 428 2056 batne
451 1991 547 2056 iidem
574 1991 776 2074 denegemus.
808 1989 900 2067 Quod
924 1991 1030 2052 autem
1058 1989 1093 2052 in
1116 1986 1151 2050 Μ
1174 2006 1273 2071 supra
1296 1987 1379 2066 -μεθ’
1395 1988 1471 2052 ἰἐιιι(

336 2096 489 2177 scriptum
514 2098 576 2158 est:
609 2114 657 2172 γρ.
673 2093 744 2175 teet,
773 2093 849 2156 huic
871 2093 979 2156 variae
1001 2090 1134 2155 lectioni
1157 2089 1237 2152 nihil
1260 2089 1469 2152 tribuendum

336 2197 428 2260 nobis
451 2197 587 2261 videtur.
611 2196 669 2261 Est
684 2197 771 2260 enim
785 2194 868 2259 mala
884 2195 1070 2264 coniectura
1085 2193 1282 2276 grammatici
1299 2191 1470 2256 cuiusdam

335 2303 444 2384 legum
467 2303 673 2365 metricorum
697 2300 938 2383 imperitissimi,
962 2301 1031 2362 sive
1053 2300 1180 2363 τούτοις
1199 2297 1388 2378 χρη(αίμεθ’,
1409 2297 1469 2361 icet

336 2405 399 2488 (vel
422 2405 480 2468 icd’
498 2405 552 2486 ὼε)
584 2405 754 2483 caecinae
782 2402 823 2467 ἄν
846 2403 916 2466 sive
942 2403 1079 2466 rodrotcr
1108 2401 1313 2480 qucaipecd',
1343 2400 1406 2464 tce'
1425 2402 1469 2464 ὼε

336 2512 487 2587 (ωθεῖμεν
511 2507 551 2570 ἄν
575 2507 672 2570 scribi
696 2506 805 2570 voluit.

426 2610 464 2672 In
489 2610 654 2674 Nubium
678 2631 706 2672 v.
725 2610 879 2673 398-99
904 2607 1185 2686 καὶπῶεώμῶρε
1204 2605 1381 2685 εὺ...δῆτ’
1399 2607 1470 2684 οὐχὶ

338 2713 454 2792 Σίμων’
471 2712 640 2792 ἐνέπρηεεν
664 2712 760 2776 8-3
782 2712 938 2796 praebent
960 2716 1029 2776 πιδ(
1054 2711 1131 2792 δῆτ’,
1163 2710 1190 2772 V
1212 2709 1288 2789 δῆτ’.
1320 2709 1471 2774 Editores

336 2817 370 2879 in
394 2816 456 2879 hoc
479 2834 575 2879 versu
602 2815 772 2880 scribendo
796 2816 881 2879 inter
908 2833 943 2878 se
967 2813 1169 2878 dissentiunt.
1200 2813 1235 2876 G.
1252 2812 1469 2895 Hennannus,

337 2918 503 3000 Bergkius,
532 2917 714 2983 Meinekius
738 2937 817 2982 voce
843 2916 910 2996 δῆτ’
927 2917 1044 2981 omissa
1066 2921 1147 2998 πῶτ,
1172 2915 1348 2997 Bentleius
1372 2914 1470 2997 Blay-

338 3021 454 3102 desiuS,
470 3021 622 3104 KockiuS,
642 3021 696 3084 alii
715 3023 831 3084 omisso
851 3025 919 3085 adst
939 3019 1019 3083 iilud
1039 3016 1107 3098 δῆτ’
1124 3022 1326 3106 receperunt.
1352 3017 1470 3100 Neque

339 3125 473 3189 dubium
493 3133 548 3206 est,
573 3127 651 3207 quin
673 3125 838 3190 Bentleius
861 3144 974 3189 verum
993 3121 1118 3186 viderit.
1146 3121 1227 3186 Nam
1253 3121 1321 3201 δῆτ’
1338 3121 1375 3184 ad
1396 3127 1467 3185 nuc

338 3250 366 3292 v.
383 3228 605 3312 praecedentis
628 3227 835 3292 referendum
855 3234 903 3292 est
925 3232 962 3290 ut
984 3227 1018 3289 in
1034 3226 1091 3307 Eq.
1111 3227 1149 3288 17
1170 3229 1240 3290 πῶς
1257 3225 1296 3289 ἂν
1313 3225 1374 3288 οὖν
1388 3245 1470 3288 ποτε

339 3331 450 3411 εἴποιμ’
467 3331 505 3395 ἂν
530 3331 607 3395 αὐτὸ
632 3335 712 3410 δῆτα
736 3334 1003 3412 κομψευριπικῶς,
1026 3328 1083 3392 ubi
1098 3347 1165 3391 vox
1182 3333 1260 3407 δῆτα
1283 3331 1431 3410 separata
1452 3346 1470 3388 a

338 3439 408 3500 aibr
433 3454 508 3498 cum
531 3434 591 3497 boc
614 3433 769 3498 vocabulo
794 3431 1019 3516 coniungenda
1043 3436 1099 3495 est.
1124 3429 1169 3494 Cf.
1187 3433 1283 3494 etiam
1301 3429 1381 3492 aiios
1397 3448 1470 3492 rer-

338 3557 402 3620 sus
425 3538 460 3599 iu
479 3536 596 3618 quibus
615 3537 771 3619 particula
795 3540 875 3614 δῆτα
899 3533 1089 3618 quibusdam
1107 3533 1215 3598 verbis
1231 3536 1334 3597 οπῶτ
1357 3531 1470 3596 aliisve

338 3639 473 3704 vocibus
496 3640 641 3704 seiuncta
664 3639 840 3720 invenitur,
864 3638 954 3703 velut
977 3637 1035 3701 Nb.
1056 3638 1140 3700 1196
1163 3641 1233 3702 πῶς
1258 3636 1297 3700 οὐ
1322 3637 1467 3714 δέχονται

340 3747 427 3825 δῆτα,
452 3743 506 3807 Po.
524 3744 589 3806 200
605 3747 674 3808 rubr
692 3744 752 3806 οὖν
769 3745 805 3807 τὺ
823 3742 900 3823 δῆτ’,
923 3741 974 3805 Ls.
992 3741 1056 3805 912
1076 3743 1126 3805 καὶ
1143 3744 1213 3805 πῶς
1230 3739 1276 3804 ἔθ’
1292 3738 1372 3817 ἁγνὴ
1391 3739 1469 3821 δῆτ’,

337 3846 393 3910 Tb.
409 3848 472 3910 211
498 3851 567 3910 πῶς
592 3846 652 3910 οὖν
676 3847 798 3924 ποιῆοω
824 3849 918 3923 δῆτα;
943 3843 1000 3927 Eq.
1018 3845 1083 3908 810
1105 3842 1227 3907 οὔκουν
1252 3843 1358 3906 δεινὸν
1380 3841 1468 3906 ταυτί

339 3971 373 4015 τε
393 3952 492 4024 λέγειν
514 3948 582 4027 δῆτ’
599 3948 669 4030 ἔπ’,
692 3947 750 4030 Vp.
769 3949 831 4010 172
853 3945 974 4012 οὔκουν
990 3947 1050 4011 κᾶν
1066 3947 1130 4021 ἐγὼ
1151 3944 1156 4032 t
1177 3945 1274 4011 αι’ντὸν
1290 3945 1468 4023 ἀποδοίμην

340 4055 407 4131 δῆτ’
427 4050 482 4130 ἄν;
508 4051 558 4115 Ls
576 4052 618 4113 54
637 4050 701 4130 Ἆρ’
726 4049 765 4115 οὐ
788 4055 933 4129 παρεῖναι
956 4051 1013 4115 τὰ(
1032 4053 1181 4126 γυναῖκας
1206 4048 1274 4128 δῆτ’
1292 4049 1403 4126 ἐχρῆν;
1428 4047 1468 4110 si-

339 4154 428 4218 milia
449 4156 575 4238 passim.
608 4158 716 4236 Atque
740 4152 933 4217 vocabulum
960 4157 1029 4216 adit
1053 4154 1098 4216 ita
1125 4153 1160 4214 in
1182 4169 1312 4215 versum
1342 4151 1468 4214 venisse

340 4257 484 4338 arbitror,
510 4263 546 4321 ut
568 4259 676 4321 nescio
696 4257 769 4339 quis
787 4257 1012 4340 grammaticus
1030 4260 1100 4320 πῶς
1124 4274 1222 4338 supra
1241 4254 1309 4333 δῆτ’
1328 4257 1468 4337 poneret,

341 4379 405 4443 quo
429 4360 668 4444 significaretur
690 4359 877 4443 particulam
902 4357 969 4437 δῆτ’
989 4359 1029 4422 ad
1047 4363 1118 4423 πώ(
1140 4360 1175 4422 in
1199 4378 1228 4422 v.
1245 4359 1309 4421 398
1328 4357 1468 4422 referen-
