3058 5222
230 505 419 574 Quaestiones
439 507 554 564 criticae
574 507 604 562 in
622 507 821 578 Aristophanis
840 506 959 564 tabulas.
1097 503 1161 566 223

120 680 170 744 Ad
184 700 211 743 r.
223 681 287 743 456
306 682 582 760 παραλειπομένην
598 676 652 744 ὑπ’
667 682 744 758 ἐμῆ(
761 683 884 760 φρενὸς
900 682 1052 747 ἀξυνέτου
1065 681 1162 746 schol.

43 802 95 847 rec.
110 783 290 846 adnotavit:
316 782 351 846 ἔν
373 803 428 846 τιτι
452 785 489 846 δέ
513 783 551 846 οὐ
576 786 670 847 κεῖται
693 786 730 848 τὸ
748 785 877 862 φρενός.
909 782 1000 859 Quod
1017 783 1164 848 snbstan-

43 887 134 949 tivum
149 885 308 968 quomodo
325 904 343 949 e
359 889 513 949 contextu
530 887 668 949 eiectum
692 886 741 967 sit,
765 886 871 949 statim
889 886 1068 952 videbimus
1093 905 1164 951 ver·

41 1009 104 1052 sum
119 989 385 1072 antistrophicum
403 991 467 1053 544
485 988 734 1054 considerantes,
764 988 827 1065 Qui
843 989 941 1073 vulgo
957 991 1005 1054 sic
1028 990 1164 1055 traditus

42 1098 98 1154 est:
125 1094 161 1156 cir
185 1093 220 1156 δέ
244 1111 296 1168 μοι
320 1093 397 1156 κατὰ
426 1093 561 1170 δαίμονα
590 1093 640 1155 καὶ
664 1093 835 1169 (υντυχίαν.
872 1092 1040 1156 Corrector
1068 1093 1166 1176 igitur

41 1195 184 1258 metricus
206 1193 465 1258 animadvertens
488 1211 618 1258 versum
642 1193 709 1256 456
733 1195 781 1258 sic
805 1193 951 1260 exhiberi
975 1199 1165 1274 παραλειπο-

41 1300 127 1375 μένην
143 1296 196 1361 ὑπ’
213 1297 288 1374 ἐμῆτ
304 1298 427 1376 φρενὸς
447 1297 608 1377 ἀξυνέτου,
632 1301 752 1360 temere
769 1316 879 1361 vocem
897 1300 1018 1378 operor
1037 1297 1165 1380 delevit,

41 1411 72 1462 ut
84 1418 194 1462 versus
207 1405 317 1463 noster
330 1399 459 1463 eosdem
471 1417 625 1462 numeros
637 1399 770 1462 haberet
781 1419 862 1481 quos
872 1421 899 1464 π.
914 1402 987 1465 544.
1005 1401 1074 1478 Qua
1087 1421 1166 1466 voce

42 1501 136 1566 deleta
151 1521 227 1564 cum
244 1519 358 1564 versus
374 1500 463 1564 omni
478 1519 577 1565 sensu
592 1520 724 1585 prorsus
740 1507 855 1586 careat,
876 1505 1043 1568 Bentleius
1059 1506 1166 1588 potius

40 1605 68 1666 in
87 1625 113 1667 r.
130 1606 195 1668 544
216 1603 371 1667 mendum
390 1603 489 1667 latere
508 1603 691 1687 suspicatus
709 1623 888 1687 pronomen
906 1628 975 1671 τινα
992 1611 1024 1672 ot
1038 1613 1166 1672 senten·

40 1711 96 1774 tiae
111 1716 142 1776 et
157 1712 302 1774 numeris
322 1710 653 1775 accomodatissimum
675 1715 748 1794 post
764 1712 813 1775 καὶ
829 1711 939 1773 versui
957 1709 1004 1772 illi
1021 1708 1165 1772 inseruit

121 1814 160 1878 In
173 1833 201 1875 ν.
211 1815 276 1877 566
288 1815 330 1890 ἢν
343 1817 378 1876 δέ
388 1813 565 1878 Ποεειδῶνί
575 1835 620 1880 τι(
632 1811 681 1878 οἷν
694 1817 754 1897 θύῃ
766 1809 882 1878 RVolv
894 1812 1055 1897 praebent,
1068 1813 1166 1876 schol·

41 1916 224 1996 λ’γράφεται
233 1916 408 1980 Ποτειδῶνι
422 1920 502 1994 βοθν
515 1937 559 1981 τι(
572 1920 639 2001 θύῃ.
653 1917 840 1982 Genuinnm
851 1936 921 1981 esse
930 1916 1166 1980 substantivum

40 2015 82 2082 οἷν
105 2021 169 2082 iam
188 2019 373 2083 Brunclrius
396 2019 522 2096 statum,
548 2020 641 2082 ouius
666 2019 764 2082 verba
781 2018 856 2082 ride
875 2019 910 2080 in
930 2017 1092 2100 Blaydesii
1113 2018 1167 2082 ad·

40 2129 97 2185 not
113 2123 152 2185 ad
174 2120 204 2186 h.
225 2141 254 2184 v.
285 2121 396 2186 Lectio
415 2129 520 2184 autem
542 2124 623 2199 βοῦν
641 2123 689 2186 sic
708 2127 776 2186 orta
795 2120 931 2202 videtur,
954 2126 991 2184 ut
1009 2116 1058 2185 οῐν
1076 2123 1110 2184 in
1129 2120 1168 2186 ὗν

39 2225 73 2304 (B
91 2225 176 2304 Ald.)
199 2224 317 2296 abirem
343 2243 407 2306 quo
431 2224 516 2288 facto
534 2225 769 2306 grammaticae,
794 2225 934 2307 quinon
953 2229 1021 2288 erat
1039 2226 1168 2288 nescius

40 2328 146 2392 bovem
160 2347 231 2392 osse
246 2329 408 2390 victimam
420 2326 449 2390 N
453 2332 572 2410 eptuno
586 2329 730 2391 omnium
741 2328 953 2410 gratissimam
969 2327 1021 2408 (cl.
1031 2327 1168 2411 Stengel,

39 2431 159 2495 Griooh.
176 2429 513 2510 Kultusaltormmer‘,
537 2450 566 2513 p.
587 2431 669 2512 108),
690 2437 761 2510 <βο
774 2437 793 2505 >
808 2434 848 2495 ὓν
871 2430 1085 2513 interpolavit

122 2534 163 2597 In
180 2553 208 2596 r.
227 2534 290 2596 645
315 2533 475 2616 scriptura
491 2533 550 2596 RV
567 2538 615 2596 est
632 2534 787 2612 Κριῶθεν;
813 2534 932 2598 scholia
951 2534 1011 2598 RV
1027 2533 1169 2597 animad-

40 2640 181 2700 vertunt:
206 2637 361 2716 γράφεται
385 2638 433 2699 καὶ
458 2637 603 2715 Θρίηθεν.
633 2635 716 2700 Cum
739 2635 914 2716 Meinekio,
937 2635 1075 2718 Kockio,
1098 2635 1169 2700 aliis

39 2739 174 2818 Κριῶθεν
196 2739 310 2820 utiquo
333 2738 526 2802 servandum
549 2745 606 2802 est.
630 2738 712 2801 Nam
737 2738 805 2801 ludi
827 2757 923 2802 causa
939 2739 1169 2821 Aristophanes

40 2843 138 2905 utitur
161 2842 223 2906 hoc
240 2840 395 2904 vocabulo
415 2841 448 2902 in
466 2840 545 2904 duas
561 2859 613 2904 res
631 2840 781 2924 Euelpidi
799 2859 872 2904 oum
890 2847 966 2924 κριῷ
983 2860 1169 2905 communes

37 2945 154 3026 iocoue,
178 2945 323 3008 animum
347 2943 418 3008 dico
441 2943 647 3025 imbecillum,
672 2944 728 3026 qui
745 2963 786 3008 ex
803 2945 906 3027 prima
920 2944 1048 3008 fabulae
1072 2951 1170 3026 parte,

39 3057 67 3114 et
88 3051 255 3131 lascivum,
279 3049 337 3131 qui
361 3069 401 3113 ex
422 3068 483 3112 vss.
501 3049 677 3112 668-669
703 3047 765 3127 ἆρά
783 3048 812 3123 γ’
829 3045 906 3113 otce’
924 3048 970 3112 ὅτι
994 3048 998 3132 t
1019 3050 1081 3123 ἐγὼ
1106 3051 1170 3112 δια-

39 3155 189 3233 μηρίζοιμ’
206 3154 246 3217 ἂν
274 3154 373 3232 αὐτὴν
401 3155 521 3232 ἡδέως
553 3153 629 3216 satis
658 3156 790 3217 constat
816 3153 912 3217 Varia
940 3159 1047 3216 autem
1073 3152 1170 3217 lectio

38 3257 169 3335 θρίηθεν
193 3259 224 3338 (a
246 3255 476 3320 Ruthoriordio
501 3257 534 3319 in
558 3257 693 3335 Θριῆθεν
717 3259 850 3336 niumm)
878 3257 1092 3338 explicatione
1116 3255 1171 3319 ad·

39 3359 115 3422 dita:
146 3362 197 3423 καὶ
225 3359 285 3423 {cm
312 3362 411 3436 δῆμοι
438 3363 494 3436 τῆ(
522 3358 669 3437 Οἰνηῐδοε
698 3356 874 3422 doctrinam
905 3359 1027 3423 redolet
1049 3357 1171 3422 indocti

37 3461 245 3544 grammatici,
263 3461 319 3542 qui
335 3461 479 3538 θριιθθεν
492 3462 637 3525 Atticum
653 3479 723 3524 esse
740 3461 878 3524 nescivit
893 3461 945 3542 (cf.
959 3461 1171 3525 Meisterhans

37 3583 63 3645 ρ.
83 3565 156 3647 146,
179 3565 211 3642 3)
234 3582 359 3644 suoque
378 3563 480 3626 Marto
504 3561 543 3626 ad
564 3563 748 3645 exemplum
767 3563 942 3626 formarum
962 3562 1071 3646 quales
1089 3564 1172 3642 Περ-

37 3672 177 3746 γοτῆθεν
200 3667 289 3747 aliae,
315 3666 453 3745 Θριῆθεν
475 3665 582 3728 finxit.

126 3771 199 3835 Vsa.
218 3771 439 3834 1091-1092
457 3769 553 3851 vulgo
570 3771 617 3833 sio
640 3769 807 3850 leguntur:
833 3768 904 3832 οὐδ’
921 3769 962 3832 αιί
987 3772 1085 3847 θερμὴ
1106 3772 1172 3834 πνί-

37 3893 111 3947 γουε
135 3875 220 3952 ἡμᾶς
239 3869 244 3957 Ι
265 3871 349 3937 ἀκτὶς
372 3873 527 3950 τηλαυγὴς
552 3872 669 3950 θάλπει,
693 3871 757 3934 nisi
773 3869 860 3953 quod
875 3873 1016 3946 nvltooc'
1034 3873 1114 3950 ἡμᾶς
1138 3872 1172 3935 in

38 3975 69 4038 ll
92 3975 250 4040 traditum
268 3995 338 4040 esse
361 3976 439 4059 ipsis
456 3975 558 4038 oculis
575 3975 654 4036 mihi
669 3975 823 4056 persuasi,
848 3993 921 4037 curn
938 3973 1035 4038 huius
1052 3975 1173 4040 codicis

39 4079 227 4144 excutiendi
243 4097 340 4144 causa
352 4078 526 4144 Mediolani
540 4096 694 4141 versarer.
715 4075 843 4141 Scholia
856 4077 912 4142 RV
920 4077 992 4141 Ald.
1005 4078 1172 4142 adnotant:

38 4187 114 4248 τινές
138 4184 177 4246 τὸ
192 4183 324 4257 πνίγους
340 4183 418 4246 κατὰ
433 4183 559 4258 γενικήν
576 4199 679 4261 φααν,
703 4182 759 4244 ἵνα
782 4181 816 4262 lt·
840 4180 918 4244 οὐδὲ
938 4180 956 4257 ἡ
974 4181 1087 4257 θέρου(
1103 4185 1174 4258 θερ-

40 4287 130 4360 pacto
155 4282 299 4346 ἐπίκειται
323 4284 402 4361 ἡμῖν.
438 4282 615 4346 Scholiasta
638 4282 737 4366 igitur
760 4301 824 4346 non
848 4281 1084 4345 substantivum
1107 4283 1174 4346 πνί·

40 4405 125 4466 root,
150 4385 208 4450 sed
234 4405 308 4449 oum
325 4384 357 4448 Μ
381 4385 585 4468 participium
600 4384 741 4459 πνίγουτ’
764 4385 851 4468 legit
881 4383 974 4461 Quod
997 4386 1031 4447 in
1048 4391 1174 4450 textum
