3184 5234
551 1127 878 1208 PROOEMIUM.

686 1340 758 1421 §r

237 1467 366 1545 Ἐρέτην
390 1469 503 1544 χρῆναι
525 1467 637 1542 πρῶτα
660 1465 810 1546 γενέεθαι,
833 1465 907 1542 πρὶν
927 1463 1088 1542 πηδαλίοις
1106 1463 1276 1542 ἐπιχειρεῖν.

238 1567 312 1632 Hoc
337 1567 607 1651 Aristophaneum
633 1586 700 1630 non
722 1565 893 1650 indignum
916 1565 1008 1628 nobis
1030 1565 1167 1647 ridetur,
1191 1563 1277 1648 quod

143 1671 311 1756 prooemio
327 1669 559 1735 dissertationis
575 1671 701 1733 nostrae
716 1673 938 1752 praeponatur.
962 1667 1059 1732 Haud
1078 1670 1165 1732 enirn
1187 1671 1278 1749 igno·

144 1793 257 1838 murus
277 1779 456 1838 accursum
479 1773 567 1837 illam
591 1776 624 1836 et
642 1771 819 1857 perfectam
837 1771 1053 1854 cognitionem
1073 1791 1148 1836 cum
1163 1770 1279 1836 Graeci

145 1877 308 1942 sermonis
331 1881 401 1938 tum
423 1875 522 1939 totius
545 1875 746 1957 antiquitatis
769 1873 862 1938 nobis
886 1874 1008 1957 deesse,
1036 1893 1101 1957 qua
1122 1875 1157 1936 in
1181 1893 1279 1956 quae·

147 1981 256 2044 aheno
271 1979 384 2043 critica
399 1978 440 2042 de
456 1978 680 2062 Aristophanis
697 1977 815 2042 tabulis
831 1996 911 2061 opus
927 1982 983 2041 est
1006 1975 1119 2060 Itaque
1134 1977 1279 2042 libellum

151 2087 315 2164 noscam,
348 2099 444 2164 quem
473 2080 659 2165 bipartitum
689 2099 760 2146 esse
782 2080 955 2162 voluimus,
988 2079 1069 2143 nihil
1099 2079 1187 2144 ahud
1217 2081 1279 2143 nisi

147 2186 283 2269 remigis
297 2184 516 2248 rudimentum
532 2189 565 2249 ct
586 2184 648 2268 ipsi
673 2183 821 2248 ducimus
845 2187 877 2248 et
900 2182 1030 2248 duxerit
1052 2183 1079 2247 si
1095 2183 1168 2265 quis
1184 2181 1280 2248 bene

150 2289 225 2354 vole
257 2307 332 2353 eum
355 2288 477 2371 legerit.
512 2287 550 2350 In
574 2288 681 2372 priore
710 2291 817 2351 autem
845 2286 1076 2350 dissertationis
1105 2292 1196 2370 parte
1223 2305 1281 2370 pro

150 2391 276 2455 viribus
307 2410 437 2474 operam
467 2390 557 2472 dabo,
587 2393 625 2454 ut
648 2409 814 2474 exponam,
844 2409 926 2472 quac
953 2390 1034 2452 ratio
1058 2390 1281 2473 Aristophanis

150 2494 239 2579 apud
272 2494 403 2560 Suidem
441 2495 587 2578 reliquiis
622 2513 696 2558 cum
733 2491 900 2558 codicibus
933 2494 1051 2558 nostris
1082 2493 1281 2559 intercedere

154 2600 310 2664 rideatur.
334 2598 458 2664 Deinde
476 2601 511 2662 in
529 2598 614 2663 libro
629 2599 805 2683 posteriore
821 2597 1016 2662 scholiorum
1030 2598 1186 2663 lectiones
1204 2618 1281 2663 con·

149 2703 252 2766 ieram
276 2721 351 2766 cum
375 2703 504 2786 optimis
527 2703 584 2785 qui
608 2702 767 2766 hahentur
779 2702 878 2784 libris,
901 2701 930 2766 R
954 2701 1025 2775 dico
1050 2705 1082 2766 et
1096 2702 1135 2765 V.
1159 2702 1231 2780 Quo
1246 2702 1280 2764 in

156 2805 269 2870 codice
299 2825 374 2870 cum
397 2809 548 2887 quattuor
576 2804 705 2869 fabulae
734 2804 846 2888 desint,
874 2807 908 2868 in
931 2809 1070 2886 utraque
1094 2807 1281 2888 quaestione

152 2909 250 2972 etiam
279 2908 476 2972 recentiores
511 2907 584 2972 h'bn'
615 2907 762 2974 ΑΓΘΔΜ
794 2907 848 2971 alii
878 2907 1050 2973 adhibendi
1081 2912 1169 2990 sunt,
1201 2927 1281 2992 quos

149 3017 289 3096 excepto
300 3011 515 3076 Ambrosiano
529 3011 564 3076 Μ
577 3010 617 3075 “a
626 3011 744 3076 Veneti
756 3011 931 3094 archetypo
947 3010 1030 3075 vela
1046 3011 1159 3076 codice
1173 3012 1282 3094 aliquo

156 3134 197 3180 ex
217 3116 279 3180 hoc
297 3116 458 3198 descripto
477 3115 656 3200 prodiisse’'
673 3113 710 3178 R.
727 3114 903 3179 Schueeius
922 3115 957 3176 in
975 3113 1082 3179 libello
1099 3115 1280 3179 academico

152 3217 222 3283 “De
235 3219 460 3301 Aristophanis
476 3217 641 3282 codicibus
657 3217 760 3300 capita
777 3216 864 3280 duo'’
880 3215 982 3298 (Halis
999 3215 1163 3282 Saxonum
1182 3218 1243 3280 187
1248 3216 1282 3302 6)

126 3322 218 3405 ,μὸ
242 3319 423 3402 affirmarit
455 3339 529 3385 cum
560 3319 828 3384 “contaminatam
859 3337 931 3384 esse
960 3321 1181 3384 recensionem
1204 3321 1282 3383 Am·

151 3423 294 3488 brociani
318 3441 359 3487 er
377 3421 562 3487 Ravennate
586 3427 619 3487 et
642 3441 683 3486 ex
707 3422 856 3487 codicum
879 3421 911 3486 X
935 3422 1012 3504 (scil.
1030 3423 1154 3504 Ares)
1172 3423 1282 3487 arche·
1305 3429 1311 3444 ·

150 3525 251 3610 typo”
271 3527 460 3607 quaestione
476 3544 535 3589 sua
549 3524 697 3590 effecisse
713 3525 774 3588 sibi
790 3525 960 3590 videretur.
979 3523 1128 3589 Breviter
1143 3524 1284 3607 denique

152 3630 186 3693 in
200 3629 271 3694 line
286 3629 360 3692 libri
374 3629 561 3712 posterioris
576 3628 709 3692 Suidam
727 3647 801 3693 cum
818 3627 948 3693 scholiis
963 3628 997 3690 in
1013 3629 1282 3711 comparationem

151 3751 268 3798 vocare
292 3730 407 3796 licebit

241 3833 293 3900 De
323 3835 549 3918 Aristophanis
582 3835 742 3918 excerptis
775 3833 861 3918 apud
891 3831 1022 3898 Suidam
1054 3834 1117 3896 iam
1150 3833 1284 3897 uberius

157 3939 286 4022 scripsit
309 3937 345 4001 G.
365 3937 556 4021 Buengerus
578 3937 612 4001 in
637 3937 860 4002 dissertatione
883 3955 949 4017 sua,
974 3953 1056 4018 quac
1079 3935 1280 4000 inscribitur:

154 4039 225 4106 “De
243 4041 466 4124 Aristophanis
487 4039 642 4123 Equitum
665 4039 862 4123 Lysistratus
883 4038 1282 4122 lhfflmophoriarnsarum

158 4144 243 4227 apud
271 4143 404 4208 Suidsm
434 4143 611 4226 reliquiis¹'.
643 4143 860 4226 (Argentorati
889 4142 998 4222 1878.)
1032 4139 1133 4217 Quem
1164 4139 1282 4204 librum

155 4249 304 4312 murato
337 4246 461 4331 perlegi
498 4253 595 4329 atque
631 4247 830 4311 examinari:
868 4245 1040 4308 nonnullas
1074 4243 1230 4308 lectiones
1265 4265 1284 4308 a

155 4347 323 4434 Busngero
342 4349 452 4415 allatas
469 4351 605 4432 correxi,
629 4349 715 4431 alias,
739 4350 857 4433 quippe
876 4367 950 4412 cum
969 4347 1009 4411 ad
1028 4347 1283 4412 dissertationem
