3084 5228
354 539 417 603 166
783 545 898 600 Victor
917 543 1059 611 Coulon,

805 719 1029 798 Lysistratus:

383 856 441 895 vsa.
551 821 697 888 Sah-R
1161 819 1277 887 BOLA

397 942 439 1004 33
464 941 504 1018 μὴ
515 940 648 1020 δέίμηδέ
656 937 773 1000 lemma
781 935 892 1017 schol.)
1118 937 1193 1014 μήτε
1214 938 1313 1020 praef.

376 1044 438 1107 147
462 1043 587 1116 τουτονί
612 1060 686 1104 cum
710 1040 734 1104 0
1123 1041 1302 1124 romoni-h

374 1147 438 1210 331
464 1146 650 1224 εττγματίαιτ
1107 1144 1322 1228 μαετιγίαιτίῃι

375 1249 440 1314 368
465 1247 526 1312 έττ’
1160 1245 1268 1330 {cnut

374 1352 438 1414 582
463 1355 520 1428 τῆε
548 1354 605 1426 γῆτ
634 1348 762 1430 (lemma
791 1347 889 1412 schol.
1132 1354 1189 1428 γῆε
1212 1348 1299 1434 ssn†

463 1453 565 1518 Rsee.
575 1451 734 1532 Rutharf.)
751 1471 825 1514 cum
838 1449 889 1514 CL

375 1557 438 1621 679
465 1557 575 1620 Μίκων
944 1557 1052 1634 μήκων
1077 1553 1129 1618 CL
1409 1563 1421 1654 p
1431 1610 1470 1689 ἡ,

944 1659 1054 1737 μήνων
1072 1657 1099 1720 Β
1118 1659 1216 1740 (supr.
1232 1659 1353 1739 μήκων)
1370 1661 1401 1722 Δ
1411 1658 1419 1737 Ι

353 1763 438 1827 1023
462 1761 528 1825 τότ’
1154 1759 1276 1842 τόδ”ρί

881 1927 900 2006 ξ
926 1927 954 1989 6.

440 2059 508 2121 Iam
532 2075 634 2140 pauca
658 2055 697 2119 de
716 2056 796 2118 locis
816 2057 970 2120 asterisco
990 2057 1108 2120 notatis
1129 2055 1265 2120 dicenda
1284 2057 1380 2122 nobis
1399 2061 1471 2121 sunt

440 2161 479 2223 In
503 2159 611 2224 Pluti
634 2179 663 2221 v.
682 2159 768 2221 1078
793 2157 851 2221 οὐκ
875 2153 916 2222 ἄν
944 2159 1014 2223 ποτ’
1031 2156 1119 2242 ἄλλῳ
1143 2159 1228 2224 τοῦτ’
1245 2161 1419 2239 ἐπέτρεπον
1440 2160 1472 2222 ἂν

352 2268 450 2329 ποιεῖν
473 2264 509 2326 in
527 2262 555 2326 R
578 2261 776 2342 scholiisque
796 2260 970 2338 ἐπέτρεπον
994 2260 1120 2344 legitur,
1145 2262 1293 2340 ἐπέτρεψ’
1310 2263 1376 2339 ἐγὼ
1395 2265 1427 2325 in
1443 2262 1471 2322 7.

351 2365 534 2431 Meinehius
565 2368 598 2428 et
625 2364 786 2428 Valsenus
816 2363 1010 2445 scripturam
1034 2363 1065 2425 V
1093 2364 1233 2447 amplexi
1266 2369 1357 2446 sunt,
1389 2385 1472 2448 quam
1524 2361 1525 2402 ³

351 2469 565 2532 Leauwenius
593 2465 679 2530 haud
708 2467 776 2530 scio
804 2485 846 2528 an
873 2465 945 2530 iure
975 2468 1228 2545 παραδιορθώεει
1256 2467 1370 2532 deberi
1398 2469 1472 2531 dicit

351 2572 434 2635 Mihi
461 2570 601 2653 quidem,
631 2590 703 2634 cum
734 2568 815 2632 iilud
843 2569 1018 2646 ἐπέτρεπον
1048 2570 1141 2632 etin
1169 2571 1285 2634 ceteris
1314 2571 1474 2636 codicibus

353 2678 386 2738 et
414 2675 448 2736 in
481 2674 629 2738 lemmate
663 2672 760 2736 schol.
787 2671 816 2736 R
847 2671 1048 2754 inveniatur,
1079 2671 1262 2756 Bambergii
1297 2675 1473 2738 coniectura
1523 2743 1524 2746 ¹

353 2778 529 2856 ἐπέτρεπον
544 2776 582 2840 ἂν
607 2797 625 2839 a
644 2773 817 2857 Blaydesio
840 2775 875 2837 in
894 2777 1020 2838 textum
1040 2777 1169 2857 recepta
1188 2774 1350 2858 probatur.
1378 2777 1475 2841 Facile
1523 2773 1524 2826 ἶ

353 2878 441 2944 enim
468 2879 508 2943 ἂν
538 2881 610 2961 post
639 2897 692 2943 -ov
720 2876 872 2941 excidere
903 2877 1025 2960 potuit3
1059 2877 1099 2940 ct.
1119 2877 1176 2960 Eq.
1196 2880 1295 2960 1353,
1325 2881 1385 2944 ubi
1414 2883 1475 2964 post

352 2982 611 3046 terminationem
634 2983 694 3044 -ὼν
714 2979 875 3063 participii
894 2983 1124 3063 παραδραμὼν,
1143 2981 1203 3045 Nb.
1221 2983 1317 3062 1086,
1338 2985 1396 3048 ubi
1414 2992 1475 3067 post

353 3087 421 3169 οὖν,
451 3087 546 3167 1385,
574 3085 631 3149 ubi
657 3087 731 3168 post
757 3085 1014 3149 terminationem
1043 3105 1096 3149 -ov
1120 3079 1300 3170 impertisti
1331 3087 1474 3168 ἐξέφερον

353 3189 381 3253 R
396 3187 585 3272 particulam
602 3187 642 3251 ἂν
658 3187 774 3251 omisit
799 3187 941 3251 Eandem
959 3191 1071 3252 contra
1084 3189 1120 3251 in
1137 3191 1306 3254 sententiis
1323 3191 1475 3275 negativis

354 3294 386 3355 et
407 3291 645 3374 interrogativis
670 3290 709 3354 ab
733 3290 947 3372 Aristophane
975 3291 1122 3354 iteratam
1149 3293 1296 3357 invenias
1320 3295 1404 3358 Aah.
1421 3295 1474 3357 918

353 3395 424 3459 οὐδ’
437 3393 478 3457 ἂν
494 3393 642 3473 ἐλαφρῶ(
657 3393 697 3457 ἂν
714 3393 911 3476 ἀπεπλίξατο,
928 3395 990 3457 307
1010 3398 1079 3458 auc
1097 3395 1126 3458 δ’
1143 3396 1187 3459 ἐτ’
1204 3395 1244 3460 ἂν
1260 3401 1368 3463 καλῶε
1384 3401 1475 3472 λέγοιτ

354 3496 407 3576 ἄνς
435 3498 495 3559 Αν.
513 3497 577 3559 889
602 3497 650 3560 καί
673 3501 743 3560 πῶε
765 3495 806 3560 ἂν
830 3496 872 3559 ἔτι
895 3497 1013 3571 γένοιτ’
1030 3497 1070 3561 ἂν
1094 3495 1242 3563 εὔτακτοε
1270 3499 1373 3582 πόλιε,
1401 3500 1472 3563 1147

353 3603 379 3664 τί
403 3603 482 3678 δῆτα
504 3600 602 3664 πόδεε
625 3600 666 3664 ἂν
690 3599 747 3664 οὐκ
771 3597 811 3663 ἂν
830 3599 1029 3678 ἐργαεαίατο;
1053 3599 1110 3664 Ec.
1129 3603 1192 3664 118
1212 3601 1272 3666 οὐκ
1291 3601 1333 3666 ἂν
1349 3605 1474 3684 φθάνοι(

354 3741 397 3749 -
419 3703 472 3782 ἄν,
503 3703 559 3785 Eq.
579 3705 617 3765 17
643 3707 712 3768 πῶε
738 3702 841 3766 ἂν-
863 3701 976 3779 εἴποιμ’
998 3701 1053 3780 aa
1083 3703 1170 3767 nse
1196 3705 1267 3768 οὐδ’
1284 3705 1325 3769 ἂν
1354 3707 1475 3770 διελθεῖν
1521 3763 1522 3780 ,

354 3808 392 3885 ἠν
416 3805 464 3888 ἂν,
489 3807 551 3870 361
578 3809 694 3885 φωνὴν
722 3805 761 3870 ἂν
785 3804 844 3869 οὐκ
867 3805 908 3868 ἂν
931 3801 1026 3887 εἶχον,
1056 3806 1114 3870 Nb.
1133 3809 1195 3870 977
1220 3808 1369 3888 ἠλείφετο
1401 3809 1428 3871 δ’
1443 3807 1475 3868 ἄν
1521 3787 1522 3812 ’

352 3910 543 3990 τούμφαλοῦ
559 3911 664 3974 οὐδεὶε
680 3947 722 3955 -
741 3909 789 3990 ἄν,
808 3909 893 3972 1056
911 3909 1057 3973 οὐδέποτ’
1074 3909 1115 3972 ἂν
1131 3911 1226 3974 ἐποίει
1243 3947 1285 3956 -
1303 3911 1353 3988 ἄν,
1371 3912 1425 3976 Po.
1442 3909 1475 3972 68

352 4019 422 4078 πῶς
445 4012 485 4077 ἄν
508 4013 579 4078 ποτ’
596 4013 764 4093 ἀφικοίμην
787 4013 841 4090 ἄν;
867 4014 929 4075 321
952 4013 992 4078 οὐ
1015 4014 1076 4091 γὰρ
1101 4013 1141 4078 ἂν
1160 4016 1344 4092 παυεαίμεθ’
1361 4017 1410 4096 ἄν,
1429 4015 1474 4077 Ra.

355 4118 418 4180 581
443 4117 503 4180 οὐκ
525 4115 565 4180 ἂν
592 4119 742 4194 γενοίμην
769 4117 925 4193 Ἡρακλῆς
949 4113 998 4198 ἄν,
1022 4114 1080 4199 Vp.
1100 4118 1161 4179 171
1188 4114 1308 4180 οὔκουν
1332 4117 1394 4180 κᾶν
1417 4123 1474 4198 (pm
1520 4183 1521 4216 p

354 4223 403 4284 καὶ
430 4220 481 4302 ἂν)
496 4259 539 4268 -
556 4219 733 4299 ἀποδοίμην
762 4219 829 4298 δῆτ’
847 4217 903 4297 ἄν,
936 4221 998 4282 927
1026 4219 1065 4282 οὐ
1093 4221 1153 4297 γὰρ
1182 4217 1222 4283 ἄν
1250 4239 1329 4283 ποτε
1356 4220 1475 4298 τρέφειν

355 4323 472 4388 δύναιτ’
489 4321 537 4406 ἄν,
562 4323 633 4386 aliis
652 4323 740 4387 locis.
766 4322 885 4386 Omitto
905 4323 1099 4404 tragicorum
1120 4321 1276 4404 exempla,
1300 4321 1391 4385 velut
1409 4321 1474 4384 Eur.

355 4426 508 4490 Androm.
526 4430 576 4508 77,
600 4426 648 4490 El.
666 4429 740 4506 534,
759 4427 838 4490 Hac.
856 4428 929 4507 359,
948 4425 1019 4488 Hel.
1038 4426 1134 4508 1011,
1157 4423 1253 4506 Ηίρρ.
1271 4425 1347 4506 961,
1367 4423 1434 4506 Iph.
1448 4419 1473 4482 T.
