3184 5234
345 497 531 567 Quaestiones
550 497 664 554 criticae
683 496 713 552 in
731 495 929 567 Aristophanis
946 495 1066 552 fabulas.
1230 489 1272 552 41

625 1300 729 1384 Caput
751 1300 792 1365 Π.

672 1461 691 1545 5
716 1462 745 1527 6.

233 1607 392 1684 Quoniam
417 1605 457 1668 de
480 1603 627 1678 versibus
651 1604 784 1688 egimuS,
809 1602 927 1686 quibus
939 1602 1054 1668 suidas
1077 1623 1152 1668 eum
1171 1603 1201 1667 V
1221 1611 1276 1668 aut

138 1714 183 1777 iis
206 1713 261 1796 qni
285 1729 344 1794 pro
360 1709 390 1771 V
406 1714 482 1772 sunt
505 1707 670 1771 codicibus
694 1707 759 1771 aR
783 1707 939 1788 dissentit,
962 1725 1133 1791 pergamus
1156 1707 1196 1771 ad
1220 1725 1275 1772 ens

138 1816 318 1898 scripturas
342 1811 531 1887 tractandas,
556 1811 674 1894 quibus
695 1809 946 1894 lexicographus
966 1829 1041 1875 cum
1058 1810 1088 1874 R
1107 1812 1274 1875 comentit.

140 1918 289 1996 Quarum
311 1919 374 1980 iam
399 1921 553 1998 sequatur
574 1913 692 1978 index:

622 2095 795 2173 Equitum:

170 2223 230 2263 vas.
363 2198 460 2264 8-ss
990 2197 1021 2258 V

186 2304 229 2367 61
255 2304 324 2367 ὁδὲ
335 2303 441 2380 γέρων
451 2299 682 2377 ouanuod
822 2294 882 2363 εἷθ’
899 2299 918 2363 ὁ
937 2301 1041 2378 γέρων
1061 2319 1136 2364 cum
1159 2301 1190 2364 A

254 2425 330 2472 eum
353 2404 530 2470 editoribus
553 2420 682 2468 servare

257 2509 354 2572 velim
375 2506 681 2587 coniraZaoherum‚

257 2613 366 2694 quiin
386 2613 440 2674 Ar.
457 2609 501 2675 St.
518 2629 546 2692 p.
561 2611 601 2672 11
613 2628 682 2691 sqq.

254 2714 425 2779 lectionem
448 2709 508 2777 εἷθ’
532 2713 551 2777 ὁ
575 2713 681 2791 γέρων

254 2818 351 2880 nimis
375 2817 538 2898 exquisita
557 2817 682 2879 ratione

257 2937 335 2984 usus
360 2918 511 2983 defendit„
535 2918 681 2982 Verbum

255 3026 412 3100 (ιβυλλιᾶν
431 3023 622 3106 simpliciter
640 3023 682 3085 si-

254 3125 389 3206 gnifieat
412 3125 474 3190 “an
499 3125 681 3190 Orakelma·

254 3229 308 3292 nie
354 3228 483 3294 leiden”
524 3232 681 3310 (χρηεμῶν

255 3330 320 3414 ἐρᾷ,
329 3337 394 3398 wic
412 3337 562 3413 χρηεμοῑε
576 3334 681 3411 ἥδεται

254 3435 372 3516 senei).
384 3437 493 3517 Atque
505 3437 575 3500 iure
586 3434 682 3516 Blay-

255 3537 363 3602 deeius
383 3540 417 3601 in
432 3538 539 3602 adnot
555 3539 595 3601 ad
612 3537 640 3600 h.
651 3557 680 3600 v.

255 3647 378 3704 monet:
397 3639 539 3706 “Sensus
552 3647 613 3705 est:
631 3659 681 3704 se-

254 3761 319 3806 nex
330 3745 416 3808 enim
426 3743 557 3808 oracula
566 3742 681 3807 amnV'.

254 3845 418 3911 Pnrdeula
428 3842 484 3912 εἷθ’
497 3847 596 3930 igitur
607 3852 681 3929 apta

254 3968 319 4014 non
343 3954 399 4014 est

166 4052 232 4115 104
257 4051 357 4131 ῥέγχει
381 4072 457 4118 eum
480 4055 510 4117 A
736 4051 838 4131 ῥέγκει
872 4074 947 4119 num
982 4053 1017 4118 M
1040 4075 1065 4120 r.
1095 4056 1141 4120 Of.
1164 4055 1273 4120 Thom.

736 4158 820 4243 Mag.
843 4180 873 4243 p.
898 4159 1021 4240 322‚7
1054 4158 1115 4240 (ed.
1139 4159 1274 4236 Ritsohl)

736 4261 853 4343 ‘Pdrxui
887 4261 992 4327 οὐδεὶς
1023 4267 1089 4327 τῶν
1116 4262 1273 4344 Ἀττικῶν,

736 4364 814 4428 ἀλλὰ
849 4365 960 4443 ῥέγκω.
984 4366 1204 4445 Ἀριετοφάνηε
1239 4367 1274 4430 ἐν
