<?xml version="1.0" encoding="UTF-8"?>
<!DOCTYPE html PUBLIC "-//W3C//DTD XHTML 1.0 Transitional//EN"
    "http://www.w3.org/TR/xhtml1/DTD/xhtml1-transitional.dtd">
<html xmlns="http://www.w3.org/1999/xhtml" xml:lang="en" lang="en">
 <head>
  <title>
</title>
<meta http-equiv="Content-Type" content="text/html;charset=utf-8" />
  <meta name='ocr-system' content='tesseract 3.04.00' />
  <meta name='ocr-capabilities' content='ocr_page ocr_carea ocr_par ocr_line ocrx_word'/>
</head>
<body>
  <div class='ocr_page' id='page_1' title='image "./dissertationesp00unkngoog_0237.png"; bbox 0 0 3058 5222; ppageno 0'>
   <div class='ocr_carea' id='block_1_1' title="bbox 353 445 1060 518">
    <p class='ocr_par' dir='ltr' id='par_1_1' title="bbox 353 445 1060 518">
     <span class='ocr_line' id='line_1_1' title="bbox 353 445 1060 518; baseline 0 -12"><span class='ocrx_word' id='word_1_1' title='bbox 353 445 418 508; x_wconf 88' lang='grc'><strong>224</strong></span> <span class='ocrx_word' id='word_1_2' title='bbox 780 451 898 507; x_wconf 86' lang='lat' dir='ltr'><strong>Victor</strong></span> <span class='ocrx_word' id='word_1_3' title='bbox 918 450 1060 518; x_wconf 88' lang='lat' dir='ltr'><strong>Goulon,</strong></span> 
     </span>
    </p>
   </div>
   <div class='ocr_carea' id='block_1_2' title="bbox 350 621 1498 2248">
    <p class='ocr_par' dir='ltr' id='par_1_2' title="bbox 350 621 1499 2300">
     <span class='ocr_line' id='line_1_2' title="bbox 351 621 1458 706; baseline -0.002 -20"><span class='ocrx_word' id='word_1_4' title='bbox 351 623 574 706; x_wconf 86' lang='lat' dir='ltr'><strong>reponendum</strong></span> <span class='ocrx_word' id='word_1_5' title='bbox 590 643 661 688; x_wconf 88' lang='lat' dir='ltr'><strong>esse</strong></span> <span class='ocrx_word' id='word_1_6' title='bbox 685 622 829 686; x_wconf 79' lang='lat' dir='ltr'><strong>arbitror.</strong></span> <span class='ocrx_word' id='word_1_7' title='bbox 859 623 940 686; x_wconf 86' lang='lat' dir='ltr'><strong>Nam</strong></span> <span class='ocrx_word' id='word_1_8' title='bbox 959 621 1069 686; x_wconf 87' lang='lat' dir='ltr'><strong>dubito</strong></span> <span class='ocrx_word' id='word_1_9' title='bbox 1089 643 1129 686; x_wconf 87' lang='lat' dir='ltr'><strong>an</strong></span> <span class='ocrx_word' id='word_1_10' title='bbox 1148 642 1214 687; x_wconf 91' lang='lat' dir='ltr'><strong>non</strong></span> <span class='ocrx_word' id='word_1_11' title='bbox 1237 627 1325 686; x_wconf 88' lang='lat' dir='ltr'><strong>reete</strong></span> <span class='ocrx_word' id='word_1_12' title='bbox 1348 623 1458 686; x_wconf 82' lang='lat' dir='ltr'><strong>fecerim</strong></span> 
     </span>
     <span class='ocr_line' id='line_1_3' title="bbox 351 725 1459 807; baseline -0.003 -17"><span class='ocrx_word' id='word_1_13' title='bbox 351 725 541 791; x_wconf 88' lang='lat' dir='ltr'><strong>Dindortius</strong></span> <span class='ocrx_word' id='word_1_14' title='bbox 557 731 591 790; x_wconf 92' lang='lat' dir='ltr'><strong>et</strong></span> <span class='ocrx_word' id='word_1_15' title='bbox 606 725 758 807; x_wconf 79' lang='lat' dir='ltr'><strong>KoclriuS,</strong></span> <span class='ocrx_word' id='word_1_16' title='bbox 782 725 869 806; x_wconf 89' lang='lat' dir='ltr'><strong>quod</strong></span> <span class='ocrx_word' id='word_1_17' title='bbox 892 727 1022 799; x_wconf 98' lang='grc' dir='ltr'>πνίγους</span> <span class='ocrx_word' id='word_1_18' title='bbox 1038 725 1218 806; x_wconf 87' lang='lat' dir='ltr'><strong>genitivum</strong></span> <span class='ocrx_word' id='word_1_19' title='bbox 1241 725 1390 807; x_wconf 87' lang='lat' dir='ltr'><strong>temporis</strong></span> <span class='ocrx_word' id='word_1_20' title='bbox 1409 743 1459 787; x_wconf 83' lang='lat' dir='ltr'><strong>ease</strong></span> 
     </span>
     <span class='ocr_line' id='line_1_4' title="bbox 352 827 1496 913; baseline -0.004 -21"><span class='ocrx_word' id='word_1_21' title='bbox 352 829 464 894; x_wconf 81' lang='lat' dir='ltr'><strong>dixere</strong></span> <span class='ocrx_word' id='word_1_22' title='bbox 488 828 535 891; x_wconf 95' lang='lat' dir='ltr'><strong>illi</strong></span> <span class='ocrx_word' id='word_1_23' title='bbox 559 834 713 908; x_wconf 82' lang='grc' dir='ltr'>χειμῶνος</span> <span class='ocrx_word' id='word_1_24' title='bbox 732 848 759 891; x_wconf 84' lang='lat' dir='ltr'><strong>v.</strong></span> <span class='ocrx_word' id='word_1_25' title='bbox 778 828 863 890; x_wconf 99' lang='grc'>1089</span> <span class='ocrx_word' id='word_1_26' title='bbox 889 828 1079 910; x_wconf 88' lang='lat' dir='ltr'><strong>oppositum.</strong></span> <span class='ocrx_word' id='word_1_27' title='bbox 1105 827 1219 909; x_wconf 79' lang='lat' dir='ltr'><strong>Neque</strong></span> <span class='ocrx_word' id='word_1_28' title='bbox 1236 827 1324 890; x_wconf 92' lang='lat' dir='ltr'><strong>enim</strong></span> <span class='ocrx_word' id='word_1_29' title='bbox 1339 833 1459 909; x_wconf 82' lang='lat' dir='ltr'><strong>opusest</strong></span> <span class='ocrx_word' id='word_1_30' title='bbox 1495 856 1496 913; x_wconf 64' lang='grc' dir='ltr'>γ</span> 
     </span>
     <span class='ocr_line' id='line_1_5' title="bbox 350 921 1496 1015; baseline -0.006 -19"><span class='ocrx_word' id='word_1_31' title='bbox 350 932 493 1015; x_wconf 81' lang='lat' dir='ltr'><strong>genitivo</strong></span> <span class='ocrx_word' id='word_1_32' title='bbox 520 934 661 1012; x_wconf 72' lang='lat' dir='ltr'><strong>retroue,</strong></span> <span class='ocrx_word' id='word_1_33' title='bbox 690 951 753 1013; x_wconf 92' lang='lat' dir='ltr'><strong>quo</strong></span> <span class='ocrx_word' id='word_1_34' title='bbox 778 929 1012 1012; x_wconf 78' lang='lat' dir='ltr'><strong>Aristophanes</strong></span> <span class='ocrx_word' id='word_1_35' title='bbox 1040 949 1097 1012; x_wconf 91' lang='lat' dir='ltr'><strong>pro</strong></span> <span class='ocrx_word' id='word_1_36' title='bbox 1121 933 1252 1005; x_wconf 89' lang='grc' dir='ltr'>πνίγους</span> <span class='ocrx_word' id='word_1_37' title='bbox 1276 929 1369 994; x_wconf 84' lang='grc' dir='ltr'>ὄντος</span> <span class='ocrx_word' id='word_1_38' title='bbox 1395 928 1459 990; x_wconf 90' lang='lat' dir='ltr'><strong>haud</strong></span> <span class='ocrx_word' id='word_1_39' title='bbox 1495 921 1496 946; x_wconf 43' lang='lat' dir='ltr'><strong>l</strong></span> 
     </span>
     <span class='ocr_line' id='line_1_6' title="bbox 351 1031 1458 1109; baseline -0.005 -12"><span class='ocrx_word' id='word_1_40' title='bbox 351 1034 418 1099; x_wconf 90' lang='lat' dir='ltr'><strong>scio</strong></span> <span class='ocrx_word' id='word_1_41' title='bbox 447 1055 488 1098; x_wconf 90' lang='lat' dir='ltr'><strong>an</strong></span> <span class='ocrx_word' id='word_1_42' title='bbox 518 1055 584 1098; x_wconf 89' lang='lat' dir='ltr'><strong>non</strong></span> <span class='ocrx_word' id='word_1_43' title='bbox 616 1053 694 1097; x_wconf 87' lang='lat' dir='ltr'><strong>usus</strong></span> <span class='ocrx_word' id='word_1_44' title='bbox 724 1035 774 1098; x_wconf 89' lang='lat' dir='ltr'><strong>sit.</strong></span> <span class='ocrx_word' id='word_1_45' title='bbox 806 1031 924 1096; x_wconf 82' lang='lat' dir='ltr'><strong>Verbis</strong></span> <span class='ocrx_word' id='word_1_46' title='bbox 953 1038 1061 1095; x_wconf 91' lang='lat' dir='ltr'><strong>autem</strong></span> <span class='ocrx_word' id='word_1_47' title='bbox 1092 1037 1247 1109; x_wconf 86' lang='grc' dir='ltr'>χειμῶνος</span> <span class='ocrx_word' id='word_1_48' title='bbox 1272 1035 1328 1108; x_wconf 84' lang='grc' dir='ltr'><strong>μὲν</strong></span> <span class='ocrx_word' id='word_1_49' title='bbox 1351 1051 1378 1093; x_wconf 83' lang='grc' dir='ltr'>τ.</span> <span class='ocrx_word' id='word_1_50' title='bbox 1397 1033 1458 1092; x_wconf 87' lang='grc'>1089</span> 
     </span>
     <span class='ocr_line' id='line_1_7' title="bbox 352 1135 1460 1220; baseline -0.005 -18"><span class='ocrx_word' id='word_1_51' title='bbox 352 1137 533 1220; x_wconf 90' lang='lat' dir='ltr'><strong>oppositum</strong></span> <span class='ocrx_word' id='word_1_52' title='bbox 565 1142 615 1200; x_wconf 89' lang='lat' dir='ltr'><strong>est</strong></span> <span class='ocrx_word' id='word_1_53' title='bbox 644 1137 686 1201; x_wconf 82' lang='grc' dir='ltr'><strong>αὖ</strong></span> <span class='ocrx_word' id='word_1_54' title='bbox 713 1139 822 1216; x_wconf 86' lang='grc' dir='ltr'>θερμή.</span> <span class='ocrx_word' id='word_1_55' title='bbox 860 1138 929 1202; x_wconf 89' lang='lat' dir='ltr'><strong>Iam</strong></span> <span class='ocrx_word' id='word_1_56' title='bbox 953 1136 1040 1220; x_wconf 91' lang='lat' dir='ltr'><strong>quod</strong></span> <span class='ocrx_word' id='word_1_57' title='bbox 1070 1135 1118 1199; x_wconf 94' lang='lat' dir='ltr'><strong>illi</strong></span> <span class='ocrx_word' id='word_1_58' title='bbox 1144 1139 1226 1201; x_wconf 86' lang='grc' dir='ltr'>πνὲς</span> <span class='ocrx_word' id='word_1_59' title='bbox 1255 1139 1336 1200; x_wconf 89' lang='lat' dir='ltr'><strong>teste</strong></span> <span class='ocrx_word' id='word_1_60' title='bbox 1363 1135 1460 1199; x_wconf 86' lang='lat' dir='ltr'><strong>scholia</strong></span> 
     </span>
     <span class='ocr_line' id='line_1_8' title="bbox 351 1239 1497 1340; baseline -0.003 -36"><span class='ocrx_word' id='word_1_61' title='bbox 351 1241 532 1322; x_wconf 73' lang='lat' dir='ltr'><strong>genitivum</strong></span> <span class='ocrx_word' id='word_1_62' title='bbox 546 1242 677 1316; x_wconf 91' lang='grc' dir='ltr'>πνίγους</span> <span class='ocrx_word' id='word_1_63' title='bbox 700 1260 775 1304; x_wconf 92' lang='lat' dir='ltr'><strong>cum</strong></span> <span class='ocrx_word' id='word_1_64' title='bbox 792 1260 872 1305; x_wconf 86' lang='lat' dir='ltr'><strong>voce</strong></span> <span class='ocrx_word' id='word_1_65' title='bbox 888 1241 970 1306; x_wconf 87' lang='grc' dir='ltr'>ἀκτὶς</span> <span class='ocrx_word' id='word_1_66' title='bbox 994 1241 1242 1320; x_wconf 73' lang='lat' dir='ltr'><strong>coniunxerunt,</strong></span> <span class='ocrx_word' id='word_1_67' title='bbox 1267 1259 1393 1323; x_wconf 83' lang='lat' dir='ltr'><strong>prorsus</strong></span> <span class='ocrx_word' id='word_1_68' title='bbox 1407 1239 1460 1302; x_wconf 87' lang='lat' dir='ltr'><strong>talsi</strong></span> <span class='ocrx_word' id='word_1_69' title='bbox 1496 1286 1497 1340; x_wconf 63' lang='lat' dir='ltr'><strong>q</strong></span> 
     </span>
     <span class='ocr_line' id='line_1_9' title="bbox 351 1341 1497 1426; baseline -0.001 -22"><span class='ocrx_word' id='word_1_70' title='bbox 351 1345 436 1406; x_wconf 86' lang='lat' dir='ltr'><strong>sunt.</strong></span> <span class='ocrx_word' id='word_1_71' title='bbox 460 1342 533 1406; x_wconf 89' lang='lat' dir='ltr'><strong>Non</strong></span> <span class='ocrx_word' id='word_1_72' title='bbox 556 1343 676 1406; x_wconf 89' lang='lat' dir='ltr'><strong>iniuria</strong></span> <span class='ocrx_word' id='word_1_73' title='bbox 692 1341 885 1426; x_wconf 83' lang='lat' dir='ltr'><strong>Blaydesius</strong></span> <span class='ocrx_word' id='word_1_74' title='bbox 907 1344 943 1407; x_wconf 91' lang='lat' dir='ltr'><strong>in</strong></span> <span class='ocrx_word' id='word_1_75' title='bbox 967 1343 1072 1407; x_wconf 81' lang='lat' dir='ltr'><strong>adnot</strong></span> <span class='ocrx_word' id='word_1_76' title='bbox 1089 1343 1130 1407; x_wconf 92' lang='lat' dir='ltr'><strong>ad</strong></span> <span class='ocrx_word' id='word_1_77' title='bbox 1153 1345 1182 1406; x_wconf 91' lang='lat' dir='ltr'><strong>h.</strong></span> <span class='ocrx_word' id='word_1_78' title='bbox 1199 1363 1227 1406; x_wconf 87' lang='lat' dir='ltr'><strong>v.</strong></span> <span class='ocrx_word' id='word_1_79' title='bbox 1244 1343 1459 1407; x_wconf 78' lang='lat' dir='ltr'><strong>animadvertit:</strong></span> <span class='ocrx_word' id='word_1_80' title='bbox 1496 1343 1497 1394; x_wconf 69' lang='lat' dir='ltr'><strong>l</strong></span> 
     </span>
     <span class='ocr_line' id='line_1_10' title="bbox 351 1446 1461 1530; baseline -0.003 -20"><span class='ocrx_word' id='word_1_81' title='bbox 351 1446 497 1511; x_wconf 83' lang='lat' dir='ltr'><strong>“Vereor</strong></span> <span class='ocrx_word' id='word_1_82' title='bbox 522 1451 557 1510; x_wconf 90' lang='lat' dir='ltr'><strong>ut</strong></span> <span class='ocrx_word' id='word_1_83' title='bbox 580 1447 662 1512; x_wconf 88' lang='lat' dir='ltr'><strong>bene</strong></span> <span class='ocrx_word' id='word_1_84' title='bbox 679 1446 806 1512; x_wconf 87' lang='lat' dir='ltr'><strong>dicatur</strong></span> <span class='ocrx_word' id='word_1_85' title='bbox 820 1449 951 1522; x_wconf 88' lang='grc' dir='ltr'>πνίγους</span> <span class='ocrx_word' id='word_1_86' title='bbox 967 1446 1081 1512; x_wconf 87' lang='grc' dir='ltr'>ἀκτίς”.</span> <span class='ocrx_word' id='word_1_87' title='bbox 1110 1446 1257 1530; x_wconf 85' lang='lat' dir='ltr'><strong>Intellegi</strong></span> <span class='ocrx_word' id='word_1_88' title='bbox 1281 1466 1357 1510; x_wconf 89' lang='lat' dir='ltr'><strong>sane</strong></span> <span class='ocrx_word' id='word_1_89' title='bbox 1379 1449 1461 1529; x_wconf 81' lang='lat' dir='ltr'><strong>petest</strong></span> 
     </span>
     <span class='ocr_line' id='line_1_11' title="bbox 350 1549 1460 1636; baseline 0 -24"><span class='ocrx_word' id='word_1_90' title='bbox 350 1553 460 1624; x_wconf 91' lang='grc' dir='ltr'>πνῖγος</span> <span class='ocrx_word' id='word_1_91' title='bbox 484 1550 618 1613; x_wconf 88' lang='grc' dir='ltr'>ἀκτίνων</span> <span class='ocrx_word' id='word_1_92' title='bbox 646 1549 698 1631; x_wconf 81' lang='lat' dir='ltr'><strong>ita,</strong></span> <span class='ocrx_word' id='word_1_93' title='bbox 731 1556 769 1613; x_wconf 89' lang='lat' dir='ltr'><strong>nt</strong></span> <span class='ocrx_word' id='word_1_94' title='bbox 795 1550 974 1633; x_wconf 83' lang='lat' dir='ltr'><strong>genitivum</strong></span> <span class='ocrx_word' id='word_1_95' title='bbox 1004 1569 1121 1615; x_wconf 87' lang='lat' dir='ltr'><strong>causae</strong></span> <span class='ocrx_word' id='word_1_96' title='bbox 1153 1553 1370 1636; x_wconf 78' lang='lat' dir='ltr'><strong>interpreteris</strong></span> <span class='ocrx_word' id='word_1_97' title='bbox 1399 1549 1460 1613; x_wconf 91' lang='lat' dir='ltr'><strong>illud</strong></span> 
     </span>
     <span class='ocr_line' id='line_1_12' title="bbox 351 1649 1498 1746; baseline -0.001 -32"><span class='ocrx_word' id='word_1_98' title='bbox 351 1649 488 1716; x_wconf 85' lang='grc' dir='ltr'>ἀκτίνων</span> <span class='ocrx_word' id='word_1_99' title='bbox 508 1651 613 1732; x_wconf 86' lang='lat' dir='ltr'><strong>(Hitze</strong></span> <span class='ocrx_word' id='word_1_100' title='bbox 632 1652 753 1736; x_wconf 79' lang='lat' dir='ltr'><strong>infulge</strong></span> <span class='ocrx_word' id='word_1_101' title='bbox 773 1653 830 1716; x_wconf 91' lang='lat' dir='ltr'><strong>der</strong></span> <span class='ocrx_word' id='word_1_102' title='bbox 849 1652 1129 1734; x_wconf 78' lang='lat' dir='ltr'><strong>Sonnenstrahlen,</strong></span> <span class='ocrx_word' id='word_1_103' title='bbox 1150 1652 1252 1718; x_wconf 82' lang='lat' dir='ltr'><strong>durch</strong></span> <span class='ocrx_word' id='word_1_104' title='bbox 1273 1653 1325 1717; x_wconf 94' lang='lat' dir='ltr'><strong>die</strong></span> <span class='ocrx_word' id='word_1_105' title='bbox 1340 1653 1461 1717; x_wconf 86' lang='lat' dir='ltr'><strong>Sonnen·</strong></span> <span class='ocrx_word' id='word_1_106' title='bbox 1497 1718 1498 1746; x_wconf 24' lang='lat'>¹</span> 
     </span>
     <span class='ocr_line' id='line_1_13' title="bbox 351 1753 1498 1838; baseline 0.001 -22"><span class='ocrx_word' id='word_1_107' title='bbox 351 1754 493 1818; x_wconf 77' lang='lat' dir='ltr'><strong>strehlen</strong></span> <span class='ocrx_word' id='word_1_108' title='bbox 511 1754 671 1837; x_wconf 85' lang='lat' dir='ltr'><strong>bewirlrt);</strong></span> <span class='ocrx_word' id='word_1_109' title='bbox 696 1756 780 1820; x_wconf 87' lang='grc' dir='ltr'>ἀκτὶς</span> <span class='ocrx_word' id='word_1_110' title='bbox 801 1757 932 1830; x_wconf 89' lang='grc' dir='ltr'>πνίγους</span> <span class='ocrx_word' id='word_1_111' title='bbox 952 1774 1029 1819; x_wconf 90' lang='lat' dir='ltr'><strong>vcro</strong></span> <span class='ocrx_word' id='word_1_112' title='bbox 1049 1761 1132 1820; x_wconf 88' lang='lat' dir='ltr'><strong>stare</strong></span> <span class='ocrx_word' id='word_1_113' title='bbox 1151 1756 1273 1838; x_wconf 90' lang='lat' dir='ltr'><strong>nequit.</strong></span> <span class='ocrx_word' id='word_1_114' title='bbox 1302 1755 1387 1832; x_wconf 86' lang='lat' dir='ltr'><strong>Quae</strong></span> <span class='ocrx_word' id='word_1_115' title='bbox 1403 1775 1460 1819; x_wconf 91' lang='lat' dir='ltr'><strong>cun</strong></span> <span class='ocrx_word' id='word_1_116' title='bbox 1497 1753 1498 1780; x_wconf 67' lang='lat'>¹</span> 
     </span>
     <span class='ocr_line' id='line_1_14' title="bbox 351 1857 1461 1940; baseline -0.001 -21"><span class='ocrx_word' id='word_1_117' title='bbox 351 1858 396 1919; x_wconf 89' lang='lat' dir='ltr'><strong>ita</strong></span> <span class='ocrx_word' id='word_1_118' title='bbox 418 1857 491 1938; x_wconf 82' lang='lat' dir='ltr'><strong>sint,</strong></span> <span class='ocrx_word' id='word_1_119' title='bbox 520 1857 642 1921; x_wconf 89' lang='lat' dir='ltr'><strong>scholio</strong></span> <span class='ocrx_word' id='word_1_120' title='bbox 671 1865 703 1921; x_wconf 89' lang='lat' dir='ltr'><strong>et</strong></span> <span class='ocrx_word' id='word_1_121' title='bbox 731 1857 842 1922; x_wconf 89' lang='lat' dir='ltr'><strong>codice</strong></span> <span class='ocrx_word' id='word_1_122' title='bbox 870 1857 905 1920; x_wconf 90' lang='lat' dir='ltr'>M</span> <span class='ocrx_word' id='word_1_123' title='bbox 932 1857 1034 1921; x_wconf 85' lang='lat' dir='ltr'><strong>fretus</strong></span> <span class='ocrx_word' id='word_1_124' title='bbox 1062 1863 1189 1922; x_wconf 78' lang='lat' dir='ltr'><strong>servato</strong></span> <span class='ocrx_word' id='word_1_125' title='bbox 1217 1858 1366 1938; x_wconf 76' lang='grc' dir='ltr'>πνίγους’,</span> <span class='ocrx_word' id='word_1_126' title='bbox 1392 1857 1461 1940; x_wconf 90' lang='lat' dir='ltr'><strong>quod</strong></span> 
     </span>
     <span class='ocr_line' id='line_1_15' title="bbox 351 1959 1459 2044; baseline -0.003 -20"><span class='ocrx_word' id='word_1_127' title='bbox 351 1960 445 2024; x_wconf 91' lang='lat' dir='ltr'><strong>etiam</strong></span> <span class='ocrx_word' id='word_1_128' title='bbox 466 1960 637 2043; x_wconf 86' lang='lat' dir='ltr'><strong>Blaydesio</strong></span> <span class='ocrx_word' id='word_1_129' title='bbox 661 1961 695 2024; x_wconf 92' lang='lat' dir='ltr'><strong>in</strong></span> <span class='ocrx_word' id='word_1_130' title='bbox 714 1962 819 2024; x_wconf 80' lang='lat' dir='ltr'><strong>adnot</strong></span> <span class='ocrx_word' id='word_1_131' title='bbox 839 1960 952 2044; x_wconf 72' lang='lat' dir='ltr'><strong>placet</strong></span> <span class='ocrx_word' id='word_1_132' title='bbox 977 1961 1024 2024; x_wconf 91' lang='lat' dir='ltr'><strong>sic</strong></span> <span class='ocrx_word' id='word_1_133' title='bbox 1043 1959 1216 2024; x_wconf 86' lang='lat' dir='ltr'><strong>vertendos</strong></span> <span class='ocrx_word' id='word_1_134' title='bbox 1236 1979 1306 2024; x_wconf 90' lang='lat' dir='ltr'><strong>esse</strong></span> <span class='ocrx_word' id='word_1_135' title='bbox 1325 1967 1396 2044; x_wconf 86' lang='lat' dir='ltr'><strong>puto</strong></span> <span class='ocrx_word' id='word_1_136' title='bbox 1412 1981 1459 2022; x_wconf 68' lang='lat' dir='ltr'><strong>rsa.</strong></span> 
     </span>
     <span class='ocr_line' id='line_1_16' title="bbox 352 2063 1461 2146; baseline -0.002 -20"><span class='ocrx_word' id='word_1_137' title='bbox 352 2063 588 2127; x_wconf 84' lang='lat'>1091—1092:</span> <span class='ocrx_word' id='word_1_138' title='bbox 624 2082 730 2146; x_wconf 88' lang='lat' dir='ltr'><strong>neque</strong></span> <span class='ocrx_word' id='word_1_139' title='bbox 763 2083 877 2127; x_wconf 90' lang='lat' dir='ltr'><strong>rursus</strong></span> <span class='ocrx_word' id='word_1_140' title='bbox 911 2063 1029 2128; x_wconf 86' lang='lat' dir='ltr'><strong>fervidi</strong></span> <span class='ocrx_word' id='word_1_141' title='bbox 1064 2065 1261 2128; x_wconf 80' lang='lat' dir='ltr'><strong>suffocantes</strong></span> <span class='ocrx_word' id='word_1_142' title='bbox 1296 2085 1353 2128; x_wconf 86' lang='lat' dir='ltr'><strong>nos</strong></span> <span class='ocrx_word' id='word_1_143' title='bbox 1383 2071 1461 2128; x_wconf 78' lang='lat' dir='ltr'><strong>ruunt</strong></span> 
     </span>
     <span class='ocr_line' id='line_1_17' title="bbox 350 2163 846 2248; baseline 0.003 -20"><span class='ocrx_word' id='word_1_144' title='bbox 350 2163 440 2246; x_wconf 89' lang='lat' dir='ltr'><strong>radii,</strong></span> <span class='ocrx_word' id='word_1_145' title='bbox 465 2167 521 2248; x_wconf 91' lang='lat' dir='ltr'><strong>qui</strong></span> <span class='ocrx_word' id='word_1_146' title='bbox 545 2166 608 2229; x_wconf 89' lang='lat' dir='ltr'><strong>late</strong></span> <span class='ocrx_word' id='word_1_147' title='bbox 632 2166 846 2248; x_wconf 88' lang='lat' dir='ltr'><strong>resplendent.</strong></span> 
     </span>
    </p>
   </div>
   <div class='ocr_carea' id='block_1_3' title="bbox 870 2333 988 2412">
    <p class='ocr_par' dir='ltr' id='par_1_3' title="bbox 870 2333 988 2412">
     <span class='ocr_line' id='line_1_18' title="bbox 870 2333 988 2412; baseline -0.008 -18"><span class='ocrx_word' id='word_1_148' title='bbox 870 2333 988 2412; x_wconf 74' lang='lat' dir='ltr'><strong>§ra-</strong></span> 
     </span>
    </p>
   </div>
   <div class='ocr_carea' id='block_1_4' title="bbox 348 2472 1459 4409">
    <p class='ocr_par' dir='ltr' id='par_1_4' title="bbox 349 2472 1500 3669">
     <span class='ocr_line' id='line_1_19' title="bbox 439 2472 1459 2555; baseline -0.001 -20"><span class='ocrx_word' id='word_1_149' title='bbox 439 2472 478 2535; x_wconf 93' lang='lat' dir='ltr'><strong>In</strong></span> <span class='ocrx_word' id='word_1_150' title='bbox 494 2472 705 2555; x_wconf 90' lang='lat' dir='ltr'><strong>Vesparum</strong></span> <span class='ocrx_word' id='word_1_151' title='bbox 726 2492 754 2536; x_wconf 92' lang='lat' dir='ltr'><strong>v.</strong></span> <span class='ocrx_word' id='word_1_152' title='bbox 774 2475 836 2537; x_wconf 93' lang='grc'><strong>108</strong></span> <span class='ocrx_word' id='word_1_153' title='bbox 857 2472 920 2538; x_wconf 89' lang='grc' dir='ltr'><strong>ὑπὸ</strong></span> <span class='ocrx_word' id='word_1_154' title='bbox 939 2477 1007 2538; x_wconf 85' lang='grc' dir='ltr'>τοῖς</span> <span class='ocrx_word' id='word_1_155' title='bbox 1023 2473 1112 2538; x_wconf 81' lang='grc' dir='ltr'>ὄνυξι</span> <span class='ocrx_word' id='word_1_156' title='bbox 1128 2477 1227 2554; x_wconf 82' lang='grc' dir='ltr'>κηρὸν</span> <span class='ocrx_word' id='word_1_157' title='bbox 1247 2474 1459 2550; x_wconf 82' lang='grc' dir='ltr'>ὑποπεπλοςμὲ-</span> 
     </span>
     <span class='ocr_line' id='line_1_20' title="bbox 350 2575 1459 2660; baseline -0.002 -20"><span class='ocrx_word' id='word_1_158' title='bbox 350 2596 407 2640; x_wconf 92' lang='grc' dir='ltr'><strong>νος</strong></span> <span class='ocrx_word' id='word_1_159' title='bbox 430 2575 582 2639; x_wconf 85' lang='lat' dir='ltr'><strong>traditum</strong></span> <span class='ocrx_word' id='word_1_160' title='bbox 607 2578 711 2640; x_wconf 88' lang='lat' dir='ltr'><strong>estin</strong></span> <span class='ocrx_word' id='word_1_161' title='bbox 736 2577 794 2641; x_wconf 86' lang='lat' dir='ltr'><strong>RV</strong></span> <span class='ocrx_word' id='word_1_162' title='bbox 819 2578 1106 2660; x_wconf 84' lang='grc' dir='ltr'>ἀναπεπλαςμὲνος,</span> <span class='ocrx_word' id='word_1_163' title='bbox 1130 2579 1164 2641; x_wconf 90' lang='lat' dir='ltr'><strong>in</strong></span> <span class='ocrx_word' id='word_1_164' title='bbox 1188 2579 1286 2642; x_wconf 90' lang='lat' dir='ltr'><strong>schol.</strong></span> <span class='ocrx_word' id='word_1_165' title='bbox 1312 2578 1341 2640; x_wconf 85' lang='lat' dir='ltr'><strong>V</strong></span> <span class='ocrx_word' id='word_1_166' title='bbox 1363 2579 1459 2641; x_wconf 85' lang='grc' dir='ltr'>ὑποπε-</span> 
     </span>
     <span class='ocr_line' id='line_1_21' title="bbox 349 2679 1459 2760; baseline -0.001 -19"><span class='ocrx_word' id='word_1_167' title='bbox 349 2680 543 2756; x_wconf 74' lang='grc' dir='ltr'>πλαςμὲνοεε</span> <span class='ocrx_word' id='word_1_168' title='bbox 562 2679 718 2758; x_wconf 86' lang='grc' dir='ltr'>γράφεται</span> <span class='ocrx_word' id='word_1_169' title='bbox 735 2681 1024 2760; x_wconf 84' lang='grc' dir='ltr'>ἀναπεπλαςμένος,</span> <span class='ocrx_word' id='word_1_170' title='bbox 1047 2682 1081 2744; x_wconf 92' lang='lat' dir='ltr'><strong>in</strong></span> <span class='ocrx_word' id='word_1_171' title='bbox 1102 2686 1173 2747; x_wconf 86' lang='lat' dir='ltr'><strong>cett</strong></span> <span class='ocrx_word' id='word_1_172' title='bbox 1194 2681 1285 2746; x_wconf 89' lang='lat' dir='ltr'><strong>codd.</strong></span> <span class='ocrx_word' id='word_1_173' title='bbox 1302 2683 1459 2745; x_wconf 81' lang='grc' dir='ltr'>ὑποπεπλο·</span> 
     </span>
     <span class='ocr_line' id='line_1_22' title="bbox 350 2781 1457 2867; baseline -0.001 -22"><span class='ocrx_word' id='word_1_174' title='bbox 350 2783 471 2860; x_wconf 85' lang='grc' dir='ltr'>ςμὲνος.</span> <span class='ocrx_word' id='word_1_175' title='bbox 491 2781 681 2864; x_wconf 82' lang='lat' dir='ltr'><strong>MeinelriuS,</strong></span> <span class='ocrx_word' id='word_1_176' title='bbox 701 2783 867 2866; x_wconf 80' lang='lat' dir='ltr'><strong>Bergidae,</strong></span> <span class='ocrx_word' id='word_1_177' title='bbox 891 2783 945 2848; x_wconf 88' lang='lat' dir='ltr'><strong>alii</strong></span> <span class='ocrx_word' id='word_1_178' title='bbox 965 2784 1104 2848; x_wconf 88' lang='lat' dir='ltr'><strong>editores</strong></span> <span class='ocrx_word' id='word_1_179' title='bbox 1127 2787 1318 2867; x_wconf 80' lang='lat' dir='ltr'><strong>scripturam</strong></span> <span class='ocrx_word' id='word_1_180' title='bbox 1338 2783 1392 2848; x_wconf 90' lang='lat' dir='ltr'><strong>RV</strong></span> <span class='ocrx_word' id='word_1_181' title='bbox 1407 2801 1457 2844; x_wconf 89' lang='lat' dir='ltr'><strong>an·</strong></span> 
     </span>
     <span class='ocr_line' id='line_1_23' title="bbox 349 2885 1457 2968; baseline -0.002 -22"><span class='ocrx_word' id='word_1_182' title='bbox 349 2885 436 2967; x_wconf 83' lang='lat' dir='ltr'><strong>plexi</strong></span> <span class='ocrx_word' id='word_1_183' title='bbox 456 2889 544 2964; x_wconf 90' lang='lat' dir='ltr'><strong>sunt;</strong></span> <span class='ocrx_word' id='word_1_184' title='bbox 565 2885 683 2967; x_wconf 91' lang='lat' dir='ltr'><strong>quibus</strong></span> <span class='ocrx_word' id='word_1_185' title='bbox 703 2885 834 2968; x_wconf 90' lang='lat' dir='ltr'><strong>obloqui</strong></span> <span class='ocrx_word' id='word_1_186' title='bbox 854 2906 918 2950; x_wconf 91' lang='lat' dir='ltr'><strong>non</strong></span> <span class='ocrx_word' id='word_1_187' title='bbox 937 2885 1057 2951; x_wconf 87' lang='lat' dir='ltr'><strong>dubito.</strong></span> <span class='ocrx_word' id='word_1_188' title='bbox 1082 2887 1164 2951; x_wconf 89' lang='lat' dir='ltr'><strong>Nam</strong></span> <span class='ocrx_word' id='word_1_189' title='bbox 1184 2908 1258 2950; x_wconf 90' lang='lat' dir='ltr'><strong>cum</strong></span> <span class='ocrx_word' id='word_1_190' title='bbox 1276 2887 1457 2952; x_wconf 83' lang='grc' dir='ltr'>ἀναπλάττειν</span> 
     </span>
     <span class='ocr_line' id='line_1_24' title="bbox 351 2987 1455 3072; baseline -0.004 -22"><span class='ocrx_word' id='word_1_191' title='bbox 351 2987 514 3071; x_wconf 82' lang='lat' dir='ltr'><strong>significet</strong></span> <span class='ocrx_word' id='word_1_192' title='bbox 526 2988 641 3053; x_wconf 80' lang='lat' dir='ltr'><strong>“demo</strong></span> <span class='ocrx_word' id='word_1_193' title='bbox 651 2989 785 3072; x_wconf 82' lang='lat' dir='ltr'><strong>tingere,</strong></span> <span class='ocrx_word' id='word_1_194' title='bbox 797 2989 967 3072; x_wconf 85' lang='lat' dir='ltr'><strong>refingere,</strong></span> <span class='ocrx_word' id='word_1_195' title='bbox 980 2989 1175 3054; x_wconf 82' lang='lat' dir='ltr'><strong>reformare”</strong></span> <span class='ocrx_word' id='word_1_196' title='bbox 1189 3028 1231 3036; x_wconf 89' lang='lat'><strong>-—</strong></span> <span class='ocrx_word' id='word_1_197' title='bbox 1245 2989 1375 3054; x_wconf 83' lang='lat' dir='ltr'><strong>velutin</strong></span> <span class='ocrx_word' id='word_1_198' title='bbox 1386 2987 1455 3051; x_wconf 78' lang='lat' dir='ltr'><strong>Alea</strong></span> 
     </span>
     <span class='ocr_line' id='line_1_25' title="bbox 349 3089 1455 3177; baseline -0.005 -22"><span class='ocrx_word' id='word_1_199' title='bbox 349 3091 386 3155; x_wconf 86' lang='lat' dir='ltr'><strong>fr.</strong></span> <span class='ocrx_word' id='word_1_200' title='bbox 412 3095 441 3173; x_wconf 84' lang='lat'><strong>3,</strong></span> <span class='ocrx_word' id='word_1_201' title='bbox 466 3094 541 3174; x_wconf 86' lang='grc'>422,</span> <span class='ocrx_word' id='word_1_202' title='bbox 569 3093 593 3174; x_wconf 88' lang='lat' dir='ltr'><strong>I,</strong></span> <span class='ocrx_word' id='word_1_203' title='bbox 616 3095 635 3154; x_wconf 85' lang='lat'>5</span> <span class='ocrx_word' id='word_1_204' title='bbox 665 3091 716 3176; x_wconf 87' lang='grc' dir='ltr'><strong>[Κ.</strong></span> <span class='ocrx_word' id='word_1_205' title='bbox 741 3094 792 3174; x_wconf 79' lang='grc'><strong>98,</strong></span> <span class='ocrx_word' id='word_1_206' title='bbox 811 3093 843 3177; x_wconf 85' lang='grc'><strong>5]</strong></span> <span class='ocrx_word' id='word_1_207' title='bbox 872 3094 966 3158; x_wconf 86' lang='grc' dir='ltr'>εὐθὺς</span> <span class='ocrx_word' id='word_1_208' title='bbox 996 3093 1229 3158; x_wconf 85' lang='grc' dir='ltr'>ἀναπλάττουςι</span> <span class='ocrx_word' id='word_1_209' title='bbox 1257 3095 1372 3157; x_wconf 87' lang='grc' dir='ltr'>ταύτας</span> <span class='ocrx_word' id='word_1_210' title='bbox 1397 3089 1455 3172; x_wconf 77' lang='lat' dir='ltr'><strong>(scil</strong></span> 
     </span>
     <span class='ocr_line' id='line_1_26' title="bbox 350 3190 1454 3278; baseline -0.005 -22"><span class='ocrx_word' id='word_1_211' title='bbox 350 3195 493 3275; x_wconf 78' lang='grc' dir='ltr'>ἑταίρας),</span> <span class='ocrx_word' id='word_1_212' title='bbox 509 3195 529 3257; x_wconf 94' lang='lat' dir='ltr'><strong>i.</strong></span> <span class='ocrx_word' id='word_1_213' title='bbox 543 3196 688 3258; x_wconf 80' lang='lat' dir='ltr'><strong>estotim</strong></span> <span class='ocrx_word' id='word_1_214' title='bbox 706 3196 762 3258; x_wconf 92' lang='lat' dir='ltr'><strong>has</strong></span> <span class='ocrx_word' id='word_1_215' title='bbox 777 3196 944 3278; x_wconf 86' lang='lat' dir='ltr'><strong>refingunt</strong></span> <span class='ocrx_word' id='word_1_216' title='bbox 955 3197 1050 3276; x_wconf 88' lang='lat' dir='ltr'><strong>atquc</strong></span> <span class='ocrx_word' id='word_1_217' title='bbox 1066 3195 1242 3259; x_wconf 85' lang='lat' dir='ltr'><strong>reformant</strong></span> <span class='ocrx_word' id='word_1_218' title='bbox 1254 3233 1306 3274; x_wconf 89' lang='lat'><strong>—‚</strong></span> <span class='ocrx_word' id='word_1_219' title='bbox 1323 3190 1454 3276; x_wconf 88' lang='lat' dir='ltr'><strong>quomodo</strong></span> 
     </span>
     <span class='ocr_line' id='line_1_27' title="bbox 350 3293 1453 3380; baseline -0.001 -22"><span class='ocrx_word' id='word_1_220' title='bbox 350 3296 490 3380; x_wconf 83' lang='lat' dir='ltr'><strong>intellegi</strong></span> <span class='ocrx_word' id='word_1_221' title='bbox 516 3300 652 3380; x_wconf 85' lang='lat' dir='ltr'><strong>possunt</strong></span> <span class='ocrx_word' id='word_1_222' title='bbox 670 3297 768 3361; x_wconf 85' lang='lat' dir='ltr'><strong>verba</strong></span> <span class='ocrx_word' id='word_1_223' title='bbox 787 3299 850 3362; x_wconf 86' lang='grc' dir='ltr'><strong>ὑπὸ</strong></span> <span class='ocrx_word' id='word_1_224' title='bbox 870 3303 936 3363; x_wconf 87' lang='grc' dir='ltr'>τοῖς</span> <span class='ocrx_word' id='word_1_225' title='bbox 956 3299 1043 3364; x_wconf 82' lang='grc' dir='ltr'>ὄνυξι</span> <span class='ocrx_word' id='word_1_226' title='bbox 1063 3303 1162 3378; x_wconf 89' lang='grc' dir='ltr'>κηρὸν</span> <span class='ocrx_word' id='word_1_227' title='bbox 1182 3293 1453 3376; x_wconf 66' lang='grc' dir='ltr'>ἀναπεπλαςμὲνοιῗ</span> 
     </span>
     <span class='ocr_line' id='line_1_28' title="bbox 350 3396 1454 3482; baseline -0.004 -20"><span class='ocrx_word' id='word_1_228' title='bbox 350 3398 477 3482; x_wconf 89' lang='lat' dir='ltr'><strong>Optime</strong></span> <span class='ocrx_word' id='word_1_229' title='bbox 501 3405 612 3464; x_wconf 89' lang='lat' dir='ltr'><strong>contra</strong></span> <span class='ocrx_word' id='word_1_230' title='bbox 634 3400 688 3464; x_wconf 91' lang='lat' dir='ltr'><strong>hic</strong></span> <span class='ocrx_word' id='word_1_231' title='bbox 710 3419 746 3465; x_wconf 91' lang='lat' dir='ltr'><strong>se</strong></span> <span class='ocrx_word' id='word_1_232' title='bbox 769 3401 865 3464; x_wconf 88' lang='lat' dir='ltr'><strong>habet</strong></span> <span class='ocrx_word' id='word_1_233' title='bbox 888 3401 1023 3466; x_wconf 89' lang='lat' dir='ltr'><strong>verbum</strong></span> <span class='ocrx_word' id='word_1_234' title='bbox 1047 3403 1265 3480; x_wconf 76' lang='grc' dir='ltr'>ὑποπλὰττειν,</span> <span class='ocrx_word' id='word_1_235' title='bbox 1289 3403 1308 3464; x_wconf 94' lang='lat' dir='ltr'><strong>i.</strong></span> <span class='ocrx_word' id='word_1_236' title='bbox 1334 3421 1359 3467; x_wconf 91' lang='lat' dir='ltr'><strong>e.</strong></span> <span class='ocrx_word' id='word_1_237' title='bbox 1381 3396 1454 3464; x_wconf 86' lang='lat' dir='ltr'><strong>subli-</strong></span> 
     </span>
     <span class='ocr_line' id='line_1_29' title="bbox 349 3501 1454 3588; baseline -0.003 -23"><span class='ocrx_word' id='word_1_238' title='bbox 349 3521 435 3566; x_wconf 87' lang='lat' dir='ltr'><strong>nere.</strong></span> <span class='ocrx_word' id='word_1_239' title='bbox 464 3501 535 3578; x_wconf 83' lang='lat' dir='ltr'><strong>Quo</strong></span> <span class='ocrx_word' id='word_1_240' title='bbox 558 3509 687 3587; x_wconf 90' lang='lat' dir='ltr'><strong>recepto</strong></span> <span class='ocrx_word' id='word_1_241' title='bbox 711 3523 824 3568; x_wconf 87' lang='lat' dir='ltr'><strong>versus</strong></span> <span class='ocrx_word' id='word_1_242' title='bbox 852 3506 899 3569; x_wconf 89' lang='lat' dir='ltr'><strong>sio</strong></span> <span class='ocrx_word' id='word_1_243' title='bbox 927 3505 1102 3569; x_wconf 89' lang='lat' dir='ltr'><strong>vertendus</strong></span> <span class='ocrx_word' id='word_1_244' title='bbox 1126 3511 1190 3570; x_wconf 90' lang='lat' dir='ltr'><strong>est:</strong></span> <span class='ocrx_word' id='word_1_245' title='bbox 1220 3525 1293 3569; x_wconf 87' lang='lat' dir='ltr'><strong>eum</strong></span> <span class='ocrx_word' id='word_1_246' title='bbox 1319 3501 1454 3588; x_wconf 83' lang='lat' dir='ltr'><strong>unguibus</strong></span> 
     </span>
     <span class='ocr_line' id='line_1_30' title="bbox 351 3605 582 3669; baseline -0.004 0"><span class='ocrx_word' id='word_1_247' title='bbox 351 3625 425 3669; x_wconf 87' lang='lat' dir='ltr'><strong>cera</strong></span> <span class='ocrx_word' id='word_1_248' title='bbox 448 3605 582 3669; x_wconf 88' lang='lat' dir='ltr'><strong>sublitis.</strong></span> 
     </span>
    </p>

    <p class='ocr_par' dir='ltr' id='par_1_5' title="bbox 348 3705 1457 4409">
     <span class='ocr_line' id='line_1_31' title="bbox 439 3705 1454 3792; baseline 0.007 -22"><span class='ocrx_word' id='word_1_249' title='bbox 439 3709 479 3772; x_wconf 87' lang='lat' dir='ltr'><strong>V.</strong></span> <span class='ocrx_word' id='word_1_250' title='bbox 497 3711 561 3773; x_wconf 89' lang='lat'><strong>338</strong></span> <span class='ocrx_word' id='word_1_251' title='bbox 581 3709 615 3772; x_wconf 89' lang='lat' dir='ltr'><strong>in</strong></span> <span class='ocrx_word' id='word_1_252' title='bbox 630 3709 689 3773; x_wconf 89' lang='lat' dir='ltr'><strong>RV</strong></span> <span class='ocrx_word' id='word_1_253' title='bbox 709 3711 757 3772; x_wconf 92' lang='lat' dir='ltr'><strong>sic</strong></span> <span class='ocrx_word' id='word_1_254' title='bbox 776 3710 965 3774; x_wconf 85' lang='lat' dir='ltr'><strong>exhibetur:</strong></span> <span class='ocrx_word' id='word_1_255' title='bbox 989 3710 1081 3774; x_wconf 83' lang='grc' dir='ltr'>τοῦδ’</span> <span class='ocrx_word' id='word_1_256' title='bbox 1097 3710 1221 3790; x_wconf 80' lang='grc' dir='ltr'>ἐφέξειν</span> <span class='ocrx_word' id='word_1_257' title='bbox 1244 3709 1294 3792; x_wconf 82' lang='lat' dir='ltr'><strong>(V,</strong></span> <span class='ocrx_word' id='word_1_258' title='bbox 1311 3709 1410 3790; x_wconf 83' lang='grc' dir='ltr'>ἔφεξιν</span> <span class='ocrx_word' id='word_1_259' title='bbox 1422 3705 1454 3776; x_wconf 83' lang='lat' dir='ltr'><strong>lll</strong></span> 
     </span>
     <span class='ocr_line' id='line_1_32' title="bbox 350 3810 1457 3892; baseline -0.005 -18"><span class='ocrx_word' id='word_1_260' title='bbox 350 3811 377 3874; x_wconf 83' lang='grc' dir='ltr'>ὦ</span> <span class='ocrx_word' id='word_1_261' title='bbox 397 3810 513 3892; x_wconf 85' lang='grc' dir='ltr'>μάταιε,</span> <span class='ocrx_word' id='word_1_262' title='bbox 529 3815 630 3875; x_wconf 85' lang='grc' dir='ltr'>ταῦτα</span> <span class='ocrx_word' id='word_1_263' title='bbox 655 3815 735 3890; x_wconf 83' lang='grc' dir='ltr'>δρᾶν</span> <span class='ocrx_word' id='word_1_264' title='bbox 755 3832 788 3876; x_wconf 95' lang='grc' dir='ltr'><strong>ςε</strong></span> <span class='ocrx_word' id='word_1_265' title='bbox 806 3814 966 3892; x_wconf 69' lang='grc' dir='ltr'>βούλεταις</span> <span class='ocrx_word' id='word_1_266' title='bbox 991 3812 1095 3877; x_wconf 85' lang='lat' dir='ltr'><strong>Schol.</strong></span> <span class='ocrx_word' id='word_1_267' title='bbox 1114 3812 1146 3872; x_wconf 88' lang='lat' dir='ltr'><strong>V</strong></span> <span class='ocrx_word' id='word_1_268' title='bbox 1164 3813 1285 3875; x_wconf 88' lang='lat' dir='ltr'><strong>variam</strong></span> <span class='ocrx_word' id='word_1_269' title='bbox 1311 3813 1457 3876; x_wconf 86' lang='lat' dir='ltr'><strong>lectionem</strong></span> 
     </span>
     <span class='ocr_line' id='line_1_33' title="bbox 350 3912 1457 3996; baseline -0.006 -19"><span class='ocrx_word' id='word_1_270' title='bbox 350 3915 476 3993; x_wconf 79' lang='grc' dir='ltr'>ὑφέξειν</span> <span class='ocrx_word' id='word_1_271' title='bbox 493 3919 728 3978; x_wconf 89' lang='lat' dir='ltr'><strong>commemorat.</strong></span> <span class='ocrx_word' id='word_1_272' title='bbox 752 3913 795 3977; x_wconf 82' lang='lat' dir='ltr'><strong>Et</strong></span> <span class='ocrx_word' id='word_1_273' title='bbox 810 3912 899 3977; x_wconf 90' lang='lat' dir='ltr'><strong>codd.</strong></span> <span class='ocrx_word' id='word_1_274' title='bbox 919 3919 951 3978; x_wconf 89' lang='lat' dir='ltr'><strong>et</strong></span> <span class='ocrx_word' id='word_1_275' title='bbox 970 3913 1069 3977; x_wconf 88' lang='lat' dir='ltr'><strong>schol.</strong></span> <span class='ocrx_word' id='word_1_276' title='bbox 1089 3915 1266 3996; x_wconf 86' lang='lat' dir='ltr'><strong>scripturae</strong></span> <span class='ocrx_word' id='word_1_277' title='bbox 1286 3919 1391 3996; x_wconf 83' lang='lat' dir='ltr'><strong>aperte</strong></span> <span class='ocrx_word' id='word_1_278' title='bbox 1406 3927 1457 3972; x_wconf 88' lang='lat' dir='ltr'><strong>cor·</strong></span> 
     </span>
     <span class='ocr_line' id='line_1_34' title="bbox 350 4012 1455 4100; baseline -0.011 -18"><span class='ocrx_word' id='word_1_279' title='bbox 350 4023 461 4100; x_wconf 88' lang='lat' dir='ltr'><strong>ruptae</strong></span> <span class='ocrx_word' id='word_1_280' title='bbox 481 4023 565 4082; x_wconf 89' lang='lat' dir='ltr'><strong>sunt.</strong></span> <span class='ocrx_word' id='word_1_281' title='bbox 589 4017 746 4100; x_wconf 84' lang='lat' dir='ltr'><strong>Equidem</strong></span> <span class='ocrx_word' id='word_1_282' title='bbox 765 4017 980 4100; x_wconf 78' lang='lat' dir='ltr'><strong>Dindortium‚</strong></span> <span class='ocrx_word' id='word_1_283' title='bbox 1001 4017 1209 4099; x_wconf 82' lang='lat' dir='ltr'><strong>Meinelrium,</strong></span> <span class='ocrx_word' id='word_1_284' title='bbox 1229 4017 1308 4081; x_wconf 91' lang='lat' dir='ltr'><strong>alios</strong></span> <span class='ocrx_word' id='word_1_285' title='bbox 1331 4019 1364 4080; x_wconf 91' lang='lat' dir='ltr'><strong>in</strong></span> <span class='ocrx_word' id='word_1_286' title='bbox 1380 4012 1455 4077; x_wconf 78' lang='lat' dir='ltr'><strong>verbo</strong></span> 
     </span>
     <span class='ocr_line' id='line_1_35' title="bbox 348 4116 1454 4202; baseline -0.006 -17"><span class='ocrx_word' id='word_1_287' title='bbox 348 4120 378 4185; x_wconf 77' lang='lat' dir='ltr'><strong>a</strong></span> <span class='ocrx_word' id='word_1_288' title='bbox 401 4121 507 4200; x_wconf 84' lang='grc' dir='ltr'>ἔφεξιν</span> <span class='ocrx_word' id='word_1_289' title='bbox 526 4122 726 4202; x_wconf 87' lang='lat' dir='ltr'><strong>acquievisse</strong></span> <span class='ocrx_word' id='word_1_290' title='bbox 746 4122 851 4184; x_wconf 91' lang='lat' dir='ltr'><strong>miror.</strong></span> <span class='ocrx_word' id='word_1_291' title='bbox 875 4119 1007 4184; x_wconf 84' lang='lat' dir='ltr'><strong>“Fidem</strong></span> <span class='ocrx_word' id='word_1_292' title='bbox 1031 4122 1116 4184; x_wconf 91' lang='lat' dir='ltr'><strong>enim</strong></span> <span class='ocrx_word' id='word_1_293' title='bbox 1141 4121 1197 4182; x_wconf 82' lang='lat' dir='ltr'><strong>vix</strong></span> <span class='ocrx_word' id='word_1_294' title='bbox 1216 4127 1356 4184; x_wconf 91' lang='lat' dir='ltr'><strong>merctur</strong></span> <span class='ocrx_word' id='word_1_295' title='bbox 1373 4116 1454 4192; x_wconf 65' lang='lat' dir='ltr'><strong>Hest-</strong></span> 
     </span>
     <span class='ocr_line' id='line_1_36' title="bbox 351 4217 1452 4306; baseline -0.005 -19"><span class='ocrx_word' id='word_1_296' title='bbox 351 4223 416 4287; x_wconf 87' lang='lat' dir='ltr'><strong>chii</strong></span> <span class='ocrx_word' id='word_1_297' title='bbox 438 4223 543 4306; x_wconf 86' lang='lat' dir='ltr'><strong>glossa</strong></span> <span class='ocrx_word' id='word_1_298' title='bbox 567 4223 687 4302; x_wconf 82' lang='grc' dir='ltr'>ἔφεξιν·</span> <span class='ocrx_word' id='word_1_299' title='bbox 711 4225 809 4305; x_wconf 74' lang='grc' dir='ltr'>χάριν,</span> <span class='ocrx_word' id='word_1_300' title='bbox 834 4224 935 4304; x_wconf 81' lang='grc' dir='ltr'>ἕνεκα,</span> <span class='ocrx_word' id='word_1_301' title='bbox 959 4224 1093 4286; x_wconf 82' lang='grc' dir='ltr'>κώλυςιν</span> <span class='ocrx_word' id='word_1_302' title='bbox 1117 4223 1135 4299; x_wconf 84' lang='grc' dir='ltr'>ἢ</span> <span class='ocrx_word' id='word_1_303' title='bbox 1159 4222 1329 4302; x_wconf 79' lang='grc' dir='ltr'>πράφαςιν,</span> <span class='ocrx_word' id='word_1_304' title='bbox 1352 4239 1388 4284; x_wconf 80' lang='lat' dir='ltr'><strong>er</strong></span> <span class='ocrx_word' id='word_1_305' title='bbox 1407 4217 1452 4276; x_wconf 75' lang='lat' dir='ltr'><strong>hut</strong></span> 
     </span>
     <span class='ocr_line' id='line_1_37' title="bbox 350 4321 1449 4409; baseline -0.006 -19"><span class='ocrx_word' id='word_1_306' title='bbox 350 4327 420 4409; x_wconf 92' lang='lat' dir='ltr'><strong>ipso</strong></span> <span class='ocrx_word' id='word_1_307' title='bbox 444 4326 514 4390; x_wconf 92' lang='lat' dir='ltr'><strong>loco</strong></span> <span class='ocrx_word' id='word_1_308' title='bbox 537 4328 602 4389; x_wconf 91' lang='lat' dir='ltr'><strong>iam</strong></span> <span class='ocrx_word' id='word_1_309' title='bbox 626 4327 804 4409; x_wconf 88' lang='lat' dir='ltr'><strong>antiquitus</strong></span> <span class='ocrx_word' id='word_1_310' title='bbox 828 4326 1000 4409; x_wconf 86' lang='lat' dir='ltr'><strong>depravato</strong></span> <span class='ocrx_word' id='word_1_311' title='bbox 1024 4325 1154 4408; x_wconf 87' lang='lat' dir='ltr'><strong>petita”‚</strong></span> <span class='ocrx_word' id='word_1_312' title='bbox 1175 4331 1210 4387; x_wconf 91' lang='lat' dir='ltr'><strong>ut</strong></span> <span class='ocrx_word' id='word_1_313' title='bbox 1233 4343 1306 4388; x_wconf 88' lang='lat' dir='ltr'><strong>cunr</strong></span> <span class='ocrx_word' id='word_1_314' title='bbox 1329 4321 1449 4386; x_wconf 76' lang='lat' dir='ltr'><strong>Horaer-</strong></span> 
     </span>
    </p>
   </div>
   <div class='ocr_carea' id='block_1_5' title="bbox 0 0 1534 5222">
    <p class='ocr_par' dir='ltr' id='par_1_6' title="bbox 0 0 1534 5222">
     <span class='ocr_line' id='line_1_38' title="bbox 0 0 1534 5222; baseline 0 0"><span class='ocrx_word' id='word_1_315' title='bbox 0 0 1534 5222; x_wconf 95' lang='lat' dir='ltr'><strong> </strong></span> 
     </span>
    </p>
   </div>
  </div>
 </body>
</html>
