3084 5228
248 489 432 556 Quaestiones
452 487 566 544 criticae
585 487 615 542 in
635 488 830 558 Aristophanis
849 488 968 543 tabulas.
1110 481 1172 544 103

57 679 155 724 rocem
179 663 234 738 ἕνη
259 659 508 726 consideremus,
541 659 644 738 Quam
666 661 825 746 Bergkius
854 665 886 724 et
908 658 1091 724 Meineidus
1116 659 1172 742 ἕνῃ

55 765 241 846 scripserunt
255 768 385 828 auctore
399 763 434 826 G.
448 763 633 830 Hermanno
649 767 690 830 ad
704 767 856 850 Vigerum
873 783 902 848 p.
916 765 990 844 837,
1003 763 1058 845 qui
1076 761 1175 826 rerba

54 867 105 943 ἢδη
119 867 347 944 πεπρὲεβευκατ
364 868 399 930 τὺ
415 871 526 933 πολιὸς
544 870 590 933 ὢν
607 872 679 954 dorp
700 869 747 933 sic
763 867 876 932 Latine
896 865 1016 930 reddit:
1038 865 1180 928 “Iamne

54 967 136 1050 iegati
159 987 293 1032 munere
316 968 447 1034 innotus
475 975 523 1053 tu,
555 975 610 1054 qui
638 971 790 1056 perendie
818 989 919 1035 canus
947 970 1010 1034 eris
1019 969 1066 1050 ?”‚
1097 987 1172 1032 cum

53 1071 187 1136 adderet:
213 1071 316 1155 “Ἕνῃ
331 1072 504 1156 legendnm
521 1076 554 1138 in
572 1076 726 1157 hocloco,
749 1077 769 1138 i.
786 1094 812 1139 e.
837 1073 997 1159 perendie.
1020 1071 1112 1153 Nam,
1138 1073 1174 1134 ut

53 1174 104 1238 boc
131 1174 235 1238 obiter
258 1194 411 1256 moneam,
440 1179 514 1242 ἕνοε
538 1184 588 1243 est
610 1179 818 1260 novissimuS,
846 1177 944 1259 idque
974 1175 1014 1240 de
1043 1174 1095 1238 die
1124 1176 1172 1238 sic

51 1277 122 1340 solet
144 1277 218 1358 dici,
239 1285 276 1342 ut
293 1280 452 1343 crastinus
479 1282 681 1364 intelligatur,
703 1281 855 1366 perendie
879 1279 1009 1342 futurus
1034 1277 1171 1340 novissi·

50 1383 141 1445 mus''.
167 1381 352 1448 Secundum
376 1382 412 1446 G.
428 1383 652 1448 Hermannum
675 1386 775 1466 igitur
797 1383 876 1447 illud
900 1385 954 1465 ἕνῃ
979 1381 1171 1445 Germanice

50 1483 242 1567 “nticbstens
264 1485 360 1550 bald”
386 1487 576 1551 vertendum
600 1494 684 1552 esset
708 1493 744 1552 ut
766 1487 914 1552 Latinum
940 1484 1170 1568 “propediem'’

48 1588 219 1652 aTerentio
235 1587 443 1668 (Hautontim.
460 1592 532 1672 160,
549 1592 623 1672 868,
641 1591 701 1656 Ad.
715 1593 792 1672 888)
808 1590 942 1671 aliisque
959 1587 1170 1670 scriptoribus

51 1697 236 1774 usurpatum.
257 1691 432 1756 Fritrsohio
450 1696 562 1757 contra
573 1694 607 1756 in
625 1697 794 1758 comment.
807 1692 847 1756 ad
863 1693 919 1756 Ra.
929 1693 971 1754 48
988 1710 1016 1772 p.
1031 1691 1071 1753 21
1090 1687 1170 1751 illud

47 1795 244 1876 dmgmviter
256 1794 394 1876 negandi
405 1795 468 1858 rim
480 1796 630 1860 babuisse
640 1797 778 1879 videtur,
788 1795 1044 1860 utvernaculum
1054 1791 1170 1855 “iiber-

47 1897 201 1978 morgen’'.
226 1895 341 1978 Neque
367 1916 444 1962 vero
469 1903 552 1964 stare
576 1903 710 1983 possunt
727 1899 906 1964 Hermanni
926 1898 978 1962 vel
1000 1895 1168 1960 Fritascbii

45 2002 233 2079 sententiae3
245 2019 385 2082 namque
398 2003 520 2066 notioni
534 2003 681 2068 vocabuli
694 2005 768 2068 ἕνοτ
777 2008 967 2086 repugnant
988 1999 1081 2076 Quod
1094 2017 1169 2063 oum

45 2103 117 2164 nihil
140 2103 229 2167 aliud
252 2105 416 2185 significet
442 2105 503 2169 nisi
528 2105 679 2170 Latinum
704 2105 851 2170 “senex''
879 2104 931 2186 (cf.
955 2102 1169 2168 Meisterbans

43 2225 68 2287 p.
84 2208 149 2287 86),
167 2207 276 2272 facere
291 2227 356 2270 non
373 2210 610 2291 possun1‚quin
627 2210 665 2272 ad
684 2229 780 2273 unam
800 2227 841 2274 ex
858 2207 967 2270 multis
983 2207 1168 2270 criticorum

44 2310 231 2374 coniecturis
253 2311 420 2390 refugiam.
448 2311 704 2376 Probabilissima
728 2316 814 2376 certe
838 2315 887 2374 est
905 2307 1090 2373 ,Leenwenii
1114 2306 1169 2369 illa

44 2412 85 2472 ὢν
105 2415 213 2494 πάλαι,
239 2413 357 2496 quippe
386 2432 468 2495 qnae
495 2417 604 2478 sensui
632 2417 795 2499 aptissima
818 2415 867 2477 sit
899 2411 1168 2494 Poiaeographioe

42 2515 139 2576 autem
152 2514 307 2578 facillima
318 2522 367 2578 est
384 2515 544 2597 Blaydesii
561 2519 696 2582 mutatio
716 2520 763 2582 ὢν
783 2519 861 2595 ἀνὴρ
881 2517 916 2579 in
931 2513 1014 2579 Add.
1031 2520 1064 2578 et
1079 2513 1165 2578 Corr.

44 2633 68 2694 p.
83 2617 145 2678 465
170 2617 219 2680 sio
247 2616 393 2681 defensa:
424 2617 632 2701 “Exciderat,
660 2621 788 2703 opinor,
817 2622 851 2682 in
883 2619 1025 2700 margine
1052 2616 1168 2680 detrita

45 2717 149 2784 nidum
171 2721 264 2785 litera
288 2723 376 2785 vocis
400 2723 490 2802 ἀνὴρ,
514 2723 559 2786 na
582 2726 618 2787 ut
641 2729 765 2787 tantum
789 2725 849 2801 ἀνη
867 2725 1056 2807 superesset,
1082 2719 1167 2784 unde

43 2829 105 2885 orta
126 2823 341 2907 corruptela'’.

123 2925 163 2988 In
182 2946 211 2989 ν.
229 2929 294 2990 843
314 2927 386 2991 οὐδ’
403 2928 650 3006 ἑναττομόρξεται
668 2930 786 3007 Πρὲπτε
798 2931 855 3006 τήν
869 2928 1107 3006 εὐρυπρωκτίαν
1120 2945 1166 2990 τοι

42 3025 60 3088 8
82 3027 177 3093 habet
194 3031 450 3112 ἐναπομόρξεται,
475 3032 562 3114 quod
579 3033 677 3096 schol.
697 3032 813 3116 legisse
833 3032 969 3111 videtur,
992 3031 1049 3112 qui
1068 3030 1167 3092 inter-

41 3135 178 3210 pretatur
200 3132 444 3214 ἐναποψήεεται,
468 3134 674 3212 ἐναπομάξει;
702 3135 732 3200 R
755 3141 827 3200 cett
852 3133 941 3199 codd.
965 3132 1166 3210 ἐξομόρξεται

41 3236 195 3314 praebent
220 3237 368 3300 Dubitari
391 3241 512 3321 nequit,
536 3241 617 3322 quin
641 3260 715 3306 cum
730 3241 819 3304 Pors.
836 3240 928 3304 Ribb.
944 3237 1052 3303 Elmsl.
1069 3235 1167 3300 Mein.

41 3335 282 3418 ἐναπομόρξεται
309 3342 515 3406 retinendum
545 3343 587 3406 sit
618 3349 728 3407 contra
757 3344 958 3422 ἐξομόρξεται
986 3339 1166 3421 Blaydesio‚

40 3436 213 3522 Diodortio‚
231 3441 302 3505 aliis
319 3443 498 3525 probatum.
522 3446 624 3510 Cuius
639 3447 731 3510 verbi
747 3446 982 3530 praepositione
1003 3445 1036 3510 ἐξ
1052 3460 1165 3506 versus

40 3542 232 3608 obscenitate
254 3545 414 3628 privatum
440 3550 654 3631 compositum
678 3569 754 3614 vero
777 3548 1025 3626 ἐναπομόρξεται
1050 3583 1093 3592 -
1117 3551 1167 3608 est

40 3649 119 3712 enim
142 3650 300 3733 irrumare
320 3687 362 3696 -
383 3652 502 3735 optime
526 3653 602 3716 huic
624 3653 695 3717 loco
720 3654 879 3718 convenit.
909 3651 998 3728 Quae
1022 3669 1095 3714 cum
1120 3651 1166 3712 ita

38 3769 68 3813 se
91 3752 242 3832 babeant,
266 3753 444 3833 genitivum
471 3775 527 3819 coo
555 3755 590 3817 in
618 3755 686 3819 fine
709 3775 771 3820 vss.
795 3776 814 3818 a
836 3755 976 3818 librariis
998 3752 1059 3816 RA
1082 3751 1165 3814 male

39 3872 89 3934 pro
111 3875 160 3920 cor
179 3857 405 3939 transcriptum
424 3857 476 3941 (of.
494 3857 533 3921 de
553 3878 599 3922 τοι
619 3863 652 3922 et
671 3877 727 3922 coo
746 3858 950 3922 commutatis
968 3856 1008 3918 ad
1025 3854 1081 3918 Ra.
1098 3855 1163 3918 890

38 3975 63 4037 ρ.
79 3960 132 4036 14)
157 3957 392 4042 repudiandum
415 3979 486 4025 esse
504 3979 562 4043 per
584 3979 619 4026 se
641 3964 736 4043 patet
759 3959 781 4024 S
799 3961 899 4042 igitur
922 3959 1009 4023 solus
1024 3957 1164 4040 genuina

37 4062 145 4126 comici
170 4062 269 4126 verba
291 4062 538 4140 ἐναπομόρξεται
554 4099 598 4110 --
614 4085 661 4128 cor
684 4064 809 4146 integra
831 4063 978 4126 servavit

119 4165 159 4228 In
183 4185 213 4228 ν.
229 4165 294 4230 850
318 4167 477 4249 scriptura
499 4165 521 4228 S
540 4169 589 4230 est
607 4166 677 4230 odb’
694 4166 798 4244 ὥοπερ
819 4165 1006 4245 ὁπονηρόε,
1031 4183 1105 4228 cum
1128 4165 1165 4225 in

38 4263 258 4350 Rooterisque
273 4267 439 4333 codicibus
456 4269 525 4333 οὐδ’
544 4270 787 4348 ὁπερνπὸνηροε
799 4271 990 4334 inveniatur.
1005 4266 1164 4332 Porticula

37 4369 100 4434 οὐδ’
116 4371 159 4434 ab
170 4371 347 4436 editoribus
360 4371 463 4438 deleta
475 4377 613 4437 metrum
625 4374 830 4455 concinnum,
842 4374 1032 4457 perspicuus
1048 4389 1163 4435 sensus
