3058 5222
238 508 428 578 Quaestiones
448 507 563 563 criticae
582 506 613 562 in
631 506 829 576 Aristophanis
848 505 967 560 fabulas.
1103 499 1166 562 189

43 703 99 745 nna
120 682 260 746 alterave
284 701 325 745 ex
349 681 414 744 illis
439 680 626 744 criticorum
650 678 931 744 emendationibus
949 677 1092 760 genuina
1115 696 1169 740 co·

42 787 110 848 mici
125 785 224 848 rerba
240 786 389 850 restituta
410 786 484 866 sint
501 787 608 848 tamen
631 783 771 846 maxime
788 783 867 844 mihi
883 779 1039 865 probatur
1050 779 1167 844 Koelrii

42 890 181 952 mutatio:
201 889 268 965 ὁτιὴ
285 892 366 953 ποιεί
379 890 585 967 βλακίετατον
602 889 653 951 καὶ
669 887 851 951 δειλότατον
867 886 924 949 τὸν
942 883 1054 964 ἀνδρα,
1071 903 1169 965 αιτιοι]

43 993 104 1074 ipse
135 992 169 1054 in
198 990 303 1054 adnot
328 990 368 1054 ad
394 993 582 1074 apparatum
606 989 757 1053 criticum
781 987 962 1051 illustravit
999 987 1052 1051 Sic
1081 986 1168 1050 enim

42 1093 190 1176 frigidum
213 1093 294 1157 illud
322 1093 466 1157 κάκιττόν
490 1091 549 1156 cm
577 1094 771 1172 removetur,
801 1089 887 1172 quod
916 1088 1003 1152 haud
1035 1090 1103 1152 scio
1128 1109 1167 1152 an

41 1197 194 1278 glossema
218 1196 260 1258 sit
283 1194 356 1259 voci
381 1195 585 1274 βλακίττατον
609 1194 685 1257 olim
710 1192 918 1276 adscriptum.

123 1298 230 1362 Pluti
250 1317 296 1360 vs.
319 1300 381 1360 119
400 1317 467 1379 sqq.
492 1297 525 1359 in
545 1297 604 1360 RV
624 1297 673 1360 sic
696 1296 866 1378 leguntur:
892 1295 912 1358 ὁ
932 1295 1013 1359 Ζεὺε
1035 1299 1090 1372 μέν
1108 1293 1169 1358 οὖν

43 1405 128 1465 εἰδῶ(
149 1402 187 1464 τὰ
206 1403 332 1465 τούτων
356 1400 436 1479 μῶρ’
453 1400 499 1478 ἔμ’
517 1402 542 1464 εἰ
563 1402 567 1484 Ι
589 1397 714 1464 πύθοιτ’
731 1399 771 1463 ἂν
795 1399 847 1479 ίάν
867 1418 927 1462 om.
942 1399 982 1480 V)
1001 1399 1170 1476 ἐπιτρίψειε

42 1510 90 1578 l—
114 1526 149 1570 εν
166 1504 215 1586 V).
245 1503 284 1566 ln
312 1503 396 1566 Iunt.
422 1502 470 1566 ed.
496 1503 557 1566 hoc
582 1503 902 1585 interpretamentum
932 1501 1113 1564 invenitur:
1144 1499 1170 1564 εί

44 1611 95 1682 μέν
109 1609 264 1685 γράφεται
281 1606 360 1684 μῶρ’
374 1606 421 1684 ἔμ’
435 1606 469 1686 εἰ,
487 1605 574 1669 οὕτω
591 1605 848 1683 (ονταχθήτεταν
869 1605 887 1668 ὁ
905 1603 986 1668 Ζεὺτ
1005 1606 1060 1681 μέν
1077 1603 1170 1666 εἰδῶ(

42 1710 76 1771 τὰ
97 1711 221 1774 τούτων
246 1713 336 1786 μῶρα
359 1708 435 1790 έπη,
464 1710 489 1772 εἰ
513 1710 649 1772 πύθοιτο
674 1709 727 1784 eae
751 1708 986 1787 ἀναβλέψαντα,
1015 1705 1171 1783 ἐπιτρίψε-

43 1814 87 1873 ταί
106 1833 150 1890 με.
176 1812 202 1876 εἰ
222 1815 257 1874 δέ
277 1811 356 1890 μῶρ’
373 1811 443 1892 ἔπη,
466 1813 502 1874 τὸ
523 1811 645 1875 πύθοιτ’
663 1811 703 1876 ἂν
723 1812 775 1874 διὰ
792 1812 885 1888 μέεου
902 1811 991 1892 ἔεται,
1015 1809 1171 1873 τουτέστι·

43 1918 127 1992 γνοίη
151 1915 192 1978 ἂν
215 1918 315 1978 ταῦτα
334 1917 383 1978 καὶ
402 1914 499 1978 οὐδέν
518 1913 617 1978 αὐτὸν
636 1917 765 1991 λήτεται.
784 1911 877 1976 Duae
896 1913 997 1995 igitur
1014 1911 1171 1975 lectiones

43 2019 115 2081 haic
135 2017 234 2081 schol.
251 2021 346 2082 notae
363 2020 462 2099 erant,
479 2018 578 2081 altera
593 2018 653 2082 RV
667 2016 746 2096 μῶρ’
763 2016 811 2094 ἔμ’
829 2017 854 2080 εἰ
871 2015 1019 2079 etaltera
1035 2013 1172 2076 aliorum

44 2121 187 2184 codicum
213 2121 292 2197 μῶρ’
309 2121 378 2198 ἔπη.
403 2119 498 2184 Multi
527 2121 588 2182 viri
614 2119 794 2183 doctissimi
818 2119 868 2181 his
897 2116 1046 2181 versibus
1074 2117 1173 2179 inter·

44 2223 203 2305 pretendis
225 2227 258 2286 et
277 2222 429 2287 sanandis
446 2223 543 2286 enixe
560 2241 689 2305 operam
707 2223 916 2301 navaverunt,
939 2240 1013 2283 oum
1030 2219 1084 2283 alii
1100 2237 1172 2281 ver-

44 2325 90 2387 bis
114 2327 139 2391 εί
163 2329 308 2406 πύθοιτο,
328 2326 383 2389 alii
402 2326 572 2409 participio
594 2326 686 2389 εἰδῶ(
707 2343 779 2388 sese
800 2323 924 2388 oilendi
949 2323 1102 2386 dicerent.
1125 2320 1172 2384 Of.

45 2429 204 2510 lllaydesii
225 2429 331 2492 adnot.
352 2429 448 2492 adv.
476 2431 547 2492 119.
571 2431 622 2492 Αο
645 2447 687 2491 ne
710 2426 854 2491 taedium
878 2427 1041 2509 pariamus
1065 2426 1173 2508 legen-

44 2531 136 2612 obus,
161 2552 202 2595 ex
224 2532 372 2615 plurimis
393 2531 590 2594 coniecturis
610 2549 664 2594 eas
685 2531 769 2593 solas
789 2530 1000 2613 proteramus
1025 2547 1105 2612 quas
1127 2527 1174 2590 di-

43 2655 119 2712 anas
140 2655 211 2698 esse
232 2653 412 2714 censemus
433 2653 515 2716 quae
536 2635 836 2696 commemorentur.
869 2631 1042 2695 Ordiamur·
1061 2652 1078 2694 a
1099 2651 1174 2694 con-

44 2740 165 2802 iectura
176 2738 319 2818 Volsoni,
335 2738 391 2819 qui
407 2737 506 2800 verba
523 2739 548 2802 εί
564 2739 698 2802 πύθοιτο
716 2757 758 2800 ex
774 2737 1038 2819 interpretatione
1058 2735 1092 2797 in
1105 2738 1175 2798 tex-

45 2845 109 2902 tum
139 2841 295 2924 mignasse
324 2841 514 2904 existimans
544 2841 563 2904 ὁ
592 2840 674 2905 Ζεὺς
703 2845 758 2918 μὲν
784 2842 843 2904 οὖν
868 2841 960 2904 εἰδῶ(
987 2841 1026 2902 τὰ
1048 2838 1174 2902 τούτων

46 2943 122 3019 μῶρ’
142 2945 195 3018 έμέ
216 2943 219 3026 l
241 2942 366 3021 αίεχιττ’
383 2943 423 3008 ἂν
439 2943 608 3022 ἐπιτρίψειε
625 2943 763 3026 scripsit.
778 2943 868 3019 Quae
880 2942 1014 3006 mutatio
1034 2942 1175 3023 primum

45 3047 173 3126 quidem
196 3044 290 3110 valde
315 3045 394 3107 mihi
418 3046 534 3126 arrisit
558 3047 622 3108 nisi
647 3045 734 3127 quod
758 3065 815 3128 pro
840 3045 965 3122 alexicc’
989 3063 1102 3107 vocem
1123 3043 1176 3106 κά-

45 3149 114 3211 ncr’
134 3147 278 3211 scribere
301 3148 401 3211 malui
425 3147 582 3232 pellectus
605 3147 827 3212 locutionibus
850 3148 897 3210 Pl.
922 3148 987 3209 456
1012 3147 1039 3210 ab
1064 3145 1175 3209 κάνίοτ’

46 3253 258 3331 ἀπολουμένη,
274 3249 302 3313 N
306 3249 335 3312 b.
353 3253 417 3314 726
434 3253 547 3316 ἀπολεῖ
562 3251 684 3332 κάκι(τ’,
704 3250 760 3314 Ra.
778 3253 842 3314 588
860 3249 972 3314 κάκι(τ’
989 3249 1176 3330 ἀπολοίμην,

46 3352 115 3414 aliis
140 3351 311 3415 similibus.
329 3351 393 3416 Sed
413 3373 487 3416 cum
507 3373 666 3434 nusquam
686 3354 721 3414 in
741 3352 968 3435 Aristophanis
985 3350 1104 3414 fabulis
1121 3369 1176 3414 ne-

46 3474 107 3535 que
136 3455 263 3533 αί(χιττ’
283 3473 389 3536 neque
413 3456 525 3520 κάκιετ’
550 3477 625 3519 cum
653 3455 753 3520 verbo
778 3457 942 3535 έπιτρίβειν
966 3455 1178 3518 coniunctum

47 3557 237 3635 inveniatur,
254 3558 325 3620 sine
343 3556 441 3620 dubio
461 3579 479 3621 a
497 3558 627 3621 Velseni
649 3559 773 3621 ratione
792 3556 1010 3621 recedendum
1027 3559 1083 3620 est.
1102 3556 1179 3619 Pro-

47 3660 120 3724 inde
140 3660 234 3724 aliam
256 3659 477 3742 ingrediamur
496 3662 580 3724 viam
600 3681 674 3725 eum
692 3661 809 3724 ceteris
830 3659 1017 3724 editoribus.
1037 3659 1088 3722 Ex
1108 3659 1179 3741 qui-

48 3761 115 3841 bus.
140 3767 177 3826 ut
199 3764 353 3845 omittam,
371 3783 453 3845 quae
470 3763 685 3827 Leeuwenius
702 3765 736 3826 in
754 3763 872 3826 Mnem.
890 3763 970 3826 Nor.
988 3761 1053 3826 Ser.
1067 3760 1178 3842 XXX,

50 3867 143 3937 1902,
166 3885 194 3948 p.
221 3868 286 3929 398
311 3865 351 3930 de
374 3866 523 3930 versibus
549 3867 668 3930 nostris
692 3867 831 3949 scripsit
856 3864 1050 3946 Blaydesius
1075 3865 1107 3926 in
1125 3863 1179 3926 ad-

48 3973 109 4030 not
135 3967 182 4031 ad.
202 3969 232 4030 li.
252 3988 281 4031 ν.
306 3972 428 4033 monet:
455 3968 664 4032 ‘'Lectionem
689 3971 781 4033 εἰδῶ(
804 3969 953 4032 vitiosam
978 3987 1049 4032 esse
1068 3967 1121 4031 vel
1138 3985 1180 4030 ex

49 4091 85 4133 eo
116 4074 250 4152 constal,
279 4071 375 4154 quod,
408 4073 435 4135 si
465 4072 611 4155 luppiter
643 4071 813 4134 stultitiam
846 4091 958 4136 eorum
993 4070 1181 4154 cognoverit

49 4177 170 4256 (sibilie),
194 4195 259 4238 non
285 4195 366 4258 opus
391 4179 448 4258 est
478 4179 516 4239 ut
538 4195 608 4240 eam
633 4179 808 4256 cognoscat
831 4175 908 4258 (ἐπεὶ
932 4178 1087 4256 πύθοιτο).
1116 4175 1181 4238 Ve-

51 4297 121 4340 rum
149 4281 198 4341 est
225 4277 435 4342 hauddubie
467 4275 527 4343 οἷδ’
544 4278 619 4343 ῶτ”.
649 4278 752 4355 Quam
783 4278 948 4360 Blaydesii
979 4279 1181 4359 aliorumque

52 4381 242 4443 sententiam
271 4383 357 4444 stare
381 4401 445 4444 non
476 4400 571 4464 posse
595 4381 674 4443 mihi
698 4382 854 4464 persuasi.
879 4381 993 4463 Neque
1018 4381 1104 4444 enim
1127 4399 1182 4443 us-
