3184 5234
310 430 329 493 6
736 434 850 490 Victor
870 431 1012 502 Conlon,

309 627 412 673 meam
428 627 492 672 non
511 607 715 691 pertinerent,
738 607 840 688 omisi,
864 605 1018 688 quasdam
1034 603 1151 668 addidi.
1174 602 1435 668 Fundamentum

308 713 415 774 autam
431 711 530 774 totius
553 709 748 792 quaestionis
771 709 904 773 fuerunt
918 707 1081 790 Blaydesii
1100 707 1258 772 editiones
1275 706 1324 770 XI
1342 706 1435 770 iabu-

308 811 409 874 larnm
427 817 459 876 et
475 811 607 876 Volsoni
622 811 694 875 illae
709 810 1012 892 Ecclesiazusarum,
1033 809 1130 891 Pluti,
1153 809 1324 891 Ranarnm,
1339 808 1439 874 Thes-

308 916 629 999 mophoriazusarum,
646 914 800 998 Equitum
815 914 875 998 (ed.
888 915 939 978 alt
952 913 1084 978 Zaohori
1103 914 1209 994 1897).
1235 914 1341 995 Atque
1357 932 1434 976 oum

308 1017 472 1099 Blaydesii
500 1023 686 1102 apparatum
714 1018 861 1082 criticum
884 1016 988 1081 levem
1013 1021 1045 1081 et
1066 1017 1227 1080 incertum
1256 1033 1326 1080 esse
1350 1017 1439 1080 inter

308 1140 418 1186 omnes
442 1127 574 1202 constet,
602 1140 695 1205 saepe
719 1125 850 1186 coaetus
873 1139 952 1202 sum,
982 1127 1018 1184 ut
1040 1120 1080 1184 ad
1104 1119 1315 1184 Herwerdeni
1339 1119 1437 1184 colla-

307 1225 410 1288 tiones
439 1223 614 1289 lectionum
642 1223 701 1288 RV
723 1224 759 1286 in
788 1221 1247 1300 Mnom.N0v.s0r.xxv1;
1280 1223 1375 1305 1898,
1404 1242 1436 1306 p.

309 1328 461 1391 94-111
491 1326 683 1410 refugerem.
718 1325 888 1390 Lectiones
918 1325 1017 1409 igitur
1046 1325 1080 1389 in
1109 1326 1296 1407 quaestione
1326 1330 1439 1389 nostra

307 1430 413 1494 verbis
437 1430 520 1494 '‘seo.
538 1429 666 1495 Herw.”
689 1429 861 1512 insignitae
884 1448 925 1494 ox
950 1428 1062 1492 Batavi
1090 1428 1177 1492 illius
1205 1429 1310 1494 critici
1338 1429 1436 1492 oolla-

307 1532 448 1596 tionibus
476 1538 622 1616 sumptae
650 1537 734 1597 sunt.
770 1531 895 1609 Quibus
922 1551 1116 1614 quamquam
1144 1529 1308 1613 Blaydesii
1336 1532 1437 1614 scrip-

307 1640 397 1699 turae
428 1637 610 1700 testimonia
639 1653 735 1720 saepe
766 1639 908 1700 correcta
934 1627 1017 1715 'sunt
1047 1640 1155 1698 tamen
1183 1632 1343 1698 interdum
1371 1633 1436 1698 loci

306 1739 524 1822 inveniuntur,
532 1740 587 1804 nbi
596 1760 637 1805 ne
645 1740 704 1804 hae
714 1739 844 1822 quidem
854 1737 1039 1803 collationes
1049 1742 1215 1802 accuratae
1225 1745 1309 1801 sunt
1318 1736 1435 1818 Neque

307 1841 393 1905 enim
416 1841 671 1907 Herwerdenum
695 1861 805 1906 omnes
827 1841 993 1922 leotionoS,
1022 1859 1104 1923 qnae
1131 1841 1166 1903 in
1190 1839 1352 1922 Blaydesii
1381 1858 1437 1902 sn-

306 1943 465 2027 pellectile
481 1946 593 2008 critica
608 1963 673 2008 non
687 1945 894 2028 reperiuntur
909 1949 965 2008 aut
979 1943 1059 2008 falso
1071 1943 1285 2028 proteruntur,
1301 1941 1436 2026 diligan-

305 2051 355 2110 ter
372 2046 605 2129 significavisse
625 2047 784 2112 Zaoherus
809 2047 932 2111 monuit
949 2047 983 2111 in
1003 2045 1115 2110 Philol.
1135 2044 1173 2110 N.
1192 2044 1225 2108 F.
1243 2043 1314 2126 XV,
1336 2045 1432 2127 1902,

306 2168 334 2232 p.
352 2149 545 2226 447-4543
577 2149 617 2214 cf.
638 2149 778 2233 exempli
808 2169 904 2214 causa
925 2149 1006 2214 th.
1023 2149 1097 2230 842,
1127 2148 1183 2213 ubi
1211 2149 1245 2211 in
1269 2147 1434 2230 Blaydesii

305 2257 458 2336 apparatu
489 2253 600 2317 critico
629 2253 748 2336 legitur
775 2252 956 2332 ὑποφανῶν
984 2252 1014 2317 R
1040 2254 1075 2334 (s.
1097 2251 1207 2334 Bello)
1242 2252 1433 2331 ὑποφαίνων

305 2359 340 2436 (s.
355 2353 509 2434 Invern.);
534 2354 772 2420 Horwerdenus
795 2357 829 2418 in
848 2355 968 2420 Mnem.
986 2355 1006 2418 l.
1025 2355 1044 2418 l.
1064 2374 1129 2419 non
1155 2355 1298 2434 adnotat,
1327 2359 1431 2417 utram

304 2457 476 2521 lectionem
491 2457 519 2521 R
534 2457 692 2541 praebeat.
723 2457 794 2535 Qua
810 2458 849 2522 de
865 2478 962 2523 causa
976 2477 1218 2540 nonnunquam,
1239 2477 1312 2522 cnm
1330 2456 1433 2521 vitare

306 2578 455 2644 cuperem
487 2560 685 2644 Charybdin,
714 2564 748 2625 in
780 2561 929 2644 Scyllam,
959 2567 996 2625 ut
1024 2561 1123 2643 aiunt,
1154 2558 1262 2624 Incidi.
1298 2557 1432 2623 Praeter

305 2663 490 2728 collationes
512 2663 683 2746 Blaydesii,
708 2663 848 2746 Volsoni,
866 2663 1079 2729 Herwerdeni
1099 2663 1133 2726 in
1149 2662 1307 2743 Nubibus,
1326 2660 1433 2744 Pluto,

303 2766 429 2829 Avibus
453 2767 613 2830 maximus
640 2786 796 2832 numerus
817 2768 993 2832 lectionum
1015 2767 1222 2831 Ambrosiam
1244 2765 1278 2829 M
1302 2768 1431 2848 praesto

302 2869 383 2932 mihi
406 2869 475 2950 fuit,
504 2889 599 2952 quem
623 2869 662 2934 H.
684 2870 868 2952 Bretnelius,
897 2890 960 2952 qua
988 2876 1037 2934 est
1063 2869 1260 2953 benignitate
1287 2887 1326 2933 ao
1349 2867 1431 2930 libe-

303 2971 436 3054 ralitate,
465 2991 539 3036 oum
562 2972 737 3036 Mediolani
761 2977 948 3054 versaretur,
977 2977 1091 3056 rogatu
1115 2992 1187 3037 meo
1212 2970 1354 3036 contulit
1391 2969 1432 3033 In

304 3075 421 3140 Suidae
452 3081 560 3140 autem
590 3076 737 3140 versibus
768 3075 968 3159 proferendis
996 3075 1031 3140 G.
1052 3075 1256 3156 Bernhardyi
1286 3073 1429 3138 editione

303 3177 401 3242 lexioi
425 3177 559 3242 Suidani
588 3180 639 3242 usi
670 3197 790 3242 sumus.
825 3178 876 3242 Ex
900 3198 963 3260 qua
986 3183 1129 3262 sumptas
1159 3196 1230 3242 csse
1260 3193 1430 3241 monemus

304 3280 534 3364 discrepantias
565 3281 682 3345 Suidae
716 3281 877 3364 codicum,
912 3301 1050 3363 quorum
1080 3279 1162 3345 duae
1198 3279 1431 3344 discernendae

304 3388 379 3446 sunt
401 3382 554 3446 familiae:
581 3403 646 3447 una
668 3382 806 3447 Parisini
829 3386 859 3448 A
883 3384 1011 3448 saeculo
1035 3383 1120 3448 XIII
1143 3384 1266 3448 exarati
1290 3383 1431 3466 optimae

303 3489 405 3568 notae,
430 3485 580 3550 Vossiani
602 3486 769 3552 Leidensis
785 3487 823 3570 V,
847 3487 1041 3552 Oxoniensis
1065 3487 1098 3569 Ο,
1121 3488 1222 3552 altera
1244 3484 1427 3550 ParisiniB

304 3609 385 3655 saec.
406 3588 486 3652 XIV
514 3596 546 3654 ot
572 3590 795 3655 Bruxellensis
822 3591 858 3655 E.
893 3591 1038 3668 Quorum
1065 3590 1220 3655 librorum
1255 3591 1434 3673 scripturas

304 3691 419 3756 additis
435 3693 628 3757 lectionibus
644 3692 793 3757 editionis
808 3695 962 3778 prinpris
979 3693 1226 3759 Mediolanensis
1245 3694 1320 3758 anni
1340 3693 1427 3758 1499

304 3797 393 3860 hisce
423 3795 511 3879 siglis
541 3791 665 3860 SACVBE
682 3793 743 3837 ¹¹⁰⁶·
766 3815 861 3881 saepo
890 3796 1032 3861 distinxi.
1071 3797 1110 3860 In
1135 3798 1297 3862 Ranarnm
1325 3795 1435 3860 tabula

256 3921 257 3924 ¹
305 3904 481 3983 opportune
509 3899 633 3982 accidit,
664 3899 751 3983 quod
774 3900 965 3984 Buengerus
996 3901 1241 3985 “Aristophanis
1264 3901 1428 3966 Ranarnm

305 4002 390 4087 apud
414 4000 545 4067 Suidnm
572 4003 724 4085 reliquias
752 4004 880 4087 collegit
903 4009 935 4069 et
957 4003 1143 4088 disposuit.”
1168 4004 1336 4087 (Ibeiburg
1353 4004 1373 4066 i.
1393 4003 1429 4066 B.

306 4107 412 4186 1881).
440 4104 504 4169 Sed
526 4105 588 4170 hoc
610 4104 772 4187 Buengeri
795 4107 995 4191 opusculum,
1020 4129 1094 4173 oum
1116 4128 1182 4172 non
1207 4127 1244 4173 ea
1266 4108 1434 4190 diligentia

305 4208 487 4273 confectum
502 4209 582 4272 mihi
599 4209 761 4275 videretur
785 4231 849 4294 qua
870 4211 952 4276 liber
969 4211 1023 4276 ille
1042 4231 1139 4296 supra
1154 4215 1430 4293 commemoratus,

304 4331 347 4378 ex
368 4313 438 4394 ipso
455 4311 554 4376 Suida
572 4320 605 4377 et
619 4332 637 4377 e
653 4313 783 4379 Velseni
800 4320 953 4399 apparatu
969 4316 1080 4380 critico
1098 4315 1336 4380 emendandum
1355 4321 1431 4379 erat.
