3084 5228
344 499 408 562 100
769 505 884 560 Victor
903 505 1047 574 Coulon,

344 677 450 758 nte,
473 677 514 740 10
542 677 748 754 Ἁμαρτωλίαε
779 677 1002 756 Ἀριετοφὰνηε
1030 678 1158 760 Εἰρήνῃ,
1188 677 1326 741 Εὔπολις
1349 678 1448 758 Μαρικᾷ

342 780 435 844 metri
454 798 552 843 causa
570 775 627 858 ὑφ’
650 777 850 857 ἁμαρτωλίας
868 781 1024 863 scriptum
1044 786 1100 844 est.
1127 779 1197 856 Qua
1215 779 1255 843 de
1278 800 1358 844 voce
1377 780 1449 861 Elap-
1516 829 1518 866 ,

343 883 451 946 deeius
463 881 542 945 haec
554 888 679 945 monet:
698 881 803 965 “Ergo
816 883 997 960 ἁμαρτωλία
1010 882 1164 956 dixerunt
1175 888 1284 946 noster
1297 889 1328 946 et
1341 882 1449 965 Eupolis

342 1005 400 1068 pro
424 986 589 1048 usitatiore
613 983 746 1062 ἁμαρτία
770 991 818 1065 (ut
840 986 873 1047 in
899 985 959 1067 Vp.
978 987 1067 1066 745),
1090 987 1135 1048 ita
1158 992 1195 1049 ut
1217 985 1403 1068 ambiguitas
1421 985 1451 1046 sit

343 1090 376 1152 in
392 1088 533 1150 nominis
548 1086 800 1166 significatione:
818 1106 956 1170 namque
972 1089 1154 1167 ἁμαρτωλία
1169 1088 1354 1170 significare
1370 1092 1451 1171 potest

343 1191 395 1255 vel
419 1209 507 1254 error
537 1189 820 1273 (quemadmodum
851 1189 1039 1269 ἁμαρτάνειν
1066 1195 1122 1267 τῆ(
1152 1190 1235 1254 ὁδοῦ
1264 1189 1391 1270 dicitur)
1414 1187 1451 1250 ud

343 1293 559 1358 fraudulentia
580 1292 860 1376 (quemadmodum
886 1293 1026 1376 explicat
1048 1293 1241 1375 Hesychius,
1265 1293 1451 1371 ἁμαρτωλὸν
1511 1320 1515 1351 ι

341 1400 541 1477 πανοῦργον,
560 1395 734 1476 μοχθηρόν,
755 1397 894 1472 αἱμύλον.
918 1395 965 1459 cf.
984 1395 1108 1460 Thesm.
1130 1398 1212 1458 1111
1234 1395 1400 1474 ἀμαρτωλὴ
1416 1394 1454 1466 γέ-

344 1499 456 1580 ρων.)’
479 1499 547 1562 Iam
567 1497 737 1562 lectioniS
761 1501 788 1562 si
811 1499 911 1563 fidem
934 1498 1077 1581 haberes
1103 1501 1136 1562 in
1161 1498 1294 1580 syllabis
1317 1481 1453 1576 τιὰρέτρὰ-
1510 1516 1515 1569 γ

343 1609 403 1680 γόν
427 1589 484 1686 ἁφ’
508 1588 592 1670 ἁ-
614 1605 678 1668 duo
703 1607 855 1670 tribrachi
884 1605 1036 1689 deinceps
1059 1608 1155 1688 posili
1178 1611 1294 1670 essent
1328 1606 1454 1682 Quorum
1515 1605 1518 1638 l

343 1731 550 1775 numerorum
571 1727 747 1772 concursus
766 1717 923 1791 quantum
938 1715 1044 1792 potest
1063 1710 1155 1772 vitari
1172 1708 1275 1772 debet
1299 1708 1455 1790 Propterea

337 1813 548 1878 ,retinendum
567 1817 616 1875 est
633 1811 756 1894 impert.
773 1814 990 1892 παρέτρωγον,
1008 1812 1194 1895 praesertim
1211 1832 1285 1875 cum
1305 1811 1339 1874 in
1361 1831 1386 1873 ν.
1401 1809 1455 1871 ill
1515 1785 1518 1904 p

342 1918 445 1981 forma
474 1915 577 1978 dualis
604 1914 727 1997 imperi.
755 1916 1004 1992 παρεκλὲπιετην
1032 1916 1225 1978 inveniatur.
1265 1913 1456 1978 contectura

344 2027 452 2083 alutem
476 2017 638 2100 Blaydesii
668 2020 700 2080 et
722 2016 907 2080 Laeuwcnii
936 2017 987 2098 (cf.
1012 2036 1126 2080 eorum
1150 2017 1280 2096 adnott.)
1308 2018 1343 2078 in
1368 2014 1457 2078 medio

343 2122 500 2204 relinquo,
528 2122 645 2203 quippe
676 2139 759 2202 quae
787 2119 875 2183 nulla
897 2119 1055 2203 probabili
1078 2139 1174 2184 causa
1197 2121 1350 2183 nitantur.

434 2225 529 2288 initio
542 2244 570 2286 ν.
583 2225 669 2286 1144
687 2223 752 2287 ἀλλ’
769 2221 871 2302 ἄφευε
886 2227 950 2286 τῶν
967 2225 1118 2302 puellus
1135 2222 1266 2296 ὦγύναι
1282 2225 1365 2299 τρεῑε
1381 2222 1459 2299 χοίνι-

344 2349 401 2392 κα(
423 2329 458 2391 in
482 2327 503 2391 S
526 2327 681 2409 scriptum
705 2331 753 2389 est
776 2326 884 2407 ἄφευε,
909 2327 942 2388 in
965 2326 1023 2389 RV
1049 2325 1162 2406 ἄφαυε,
1186 2324 1242 2389 sed
1261 2323 1364 2402 ἄφευε
1388 2323 1412 2383 V
1434 2323 1460 2383 in

344 2451 406 2513 mg.
430 2431 565 2511 eiusque
588 2428 687 2492 schol.
710 2431 789 2492 τινὲς
814 2429 971 2507 γράφοντι
995 2427 1125 2508 ἄφαυεε.
1155 2427 1243 2503 Quae
1268 2429 1357 2490 varia
1380 2425 1460 2490 lectio

344 2533 413 2597 sine
438 2533 535 2596 dubio
558 2533 604 2595 ita
634 2537 703 2595 orta
730 2537 791 2612 est,
823 2536 860 2594 ut
883 2552 898 2594 ε
926 2551 1022 2614 supra
1045 2531 1150 2612 ἄφαυε
1178 2533 1317 2614 positum
1342 2512 1461 2608 (dodosi

344 2655 401 2719 pro
425 2656 440 2698 c
463 2636 636 2699 baberetur
660 2641 692 2698 et
718 2635 798 2697 falso
828 2641 898 2717 post
925 2656 943 2696 υ
967 2635 1143 2698 adderetur.
1176 2635 1354 2697 Videamus
1377 2648 1460 2706 nunc,

345 2745 453 2801 utrum
473 2737 578 2817 ἄφαυε
601 2757 642 2800 an
662 2736 762 2817 ἄφευε
781 2737 1026 2820 praeferendum
1047 2739 1096 2799 sit
1122 2737 1273 2800 Plurimis
1292 2736 1380 2816 lucia,
1404 2731 1463 2815 qui-

344 2840 405 2903 bus
424 2841 566 2903 comicus
592 2839 652 2903 hoc
674 2839 772 2902 verbo
792 2840 900 2917 utitun
924 2840 1044 2903 maiore
1064 2841 1251 2902 auctoritate
1271 2841 1403 2918 ἀφεύειν
1424 2837 1463 2897 in-

344 2945 481 3024 venitur,
497 2949 534 3006 ut
549 2943 582 3004 in
594 2942 649 3006 ln.
661 2944 726 3004 216
740 2943 878 3022 ἀφεύειν,
896 2944 959 3006 236
974 2943 1111 3022 ἀφεύεω,
1129 2944 1193 3006 590
1206 2942 1352 3022 ἄφευεεν,
1365 2941 1418 3004 Ec.
1432 2939 1463 3000 13

346 3046 486 3125 ἄφεύων.
502 3045 540 3108 In
553 3045 610 3127 Eq.
620 3046 686 3108 394
699 3051 811 3110 contra
822 3045 937 3125 ἁφαύει
953 3046 1091 3108 traditur
1102 3047 1135 3108 in
1149 3046 1298 3108 omnibus
1310 3042 1464 3108 codicibus

337 3155 471 3232 ,praeter
482 3148 518 3222 R,
531 3150 588 3231 qni
599 3151 713 3227 ἄφανει
725 3149 863 3230 praebet
880 3149 951 3225 Quo
960 3149 1017 3231 Eq.
1028 3149 1099 3222 loco
1108 3149 1304 3213 Ribbeckius
1317 3169 1381 3212 non
1395 3145 1465 3209 male

346 3252 472 3330 ἄφαίνει
496 3253 640 3314 coniecit
665 3251 781 3314 Nostro
797 3253 896 3334 igitur
915 3253 987 3316 loco
1010 3254 1038 3314 si
1058 3253 1130 3335 quis
1153 3253 1328 3335 Bergidum
1348 3255 1380 3315 et
1396 3248 1465 3313 blei-

347 3355 476 3418 nekium
496 3355 631 3419 formam
651 3355 752 3433 ἄφευε
775 3360 901 3420 tuentes
926 3357 1017 3437 sequi
1032 3356 1180 3432 noluerit
1196 3357 1288 3418 nisus
1307 3351 1465 3418 Ribbeclii

347 3459 534 3524 coniectura
545 3459 579 3519 in
591 3458 648 3539 Eq.
660 3460 724 3520 394
735 3457 868 3522 Zacheri
882 3458 987 3522 verbis
998 3461 1032 3521 in
1047 3461 1099 3522 Ar.
1111 3459 1154 3523 St
1170 3461 1250 3542 pili
1261 3477 1330 3541 sqq.
1344 3457 1465 3520 detensa

347 3569 442 3642 atque
462 3561 619 3625 illustrata
643 3581 684 3625 ex
709 3561 815 3641 ἄφαυε
838 3563 903 3627 leni
927 3563 1101 3626 mutatione
1121 3561 1236 3641 ἄφαινε
1254 3561 1426 3645 scripserit.

861 3743 879 3823 a
906 3744 955 3805 13.

439 3871 663 3948 Quaestionem
679 3877 819 3936 nostram
840 3873 878 3936 de
898 3873 1015 3936 Suidae
1035 3873 1170 3956 propriis
1190 3871 1382 3935 lectionibus
1403 3887 1469 3933 ουιι-

349 3975 456 4038 cludat
474 3975 780 4038 nebarnensium
800 3974 915 4038 fabula.
941 3975 1041 4038 Cuius
1058 3977 1091 4037 in
1109 3996 1138 4038 ιι.
1153 3977 1213 4038 127
1232 3974 1253 4037 S
1273 3973 1408 4038 exhibet
1423 3971 1469 4033 ού

349 4077 456 4139 δὲποτ’
476 4077 549 4156 ἴαχει
569 4078 598 4151 γ’
620 4079 638 4153 ἡ
659 4081 750 4158 θύρα,
769 4077 798 4140 Β
816 4077 965 4141 οὐδέποτ’
988 4079 1061 4156 ἴεχει
1081 4078 1170 4158 θύρα,
1190 4077 1301 4141 ΑΒΓΔ
1321 4072 1469 4140 οὐδέποτέ

348 4179 378 4253 γ’
401 4178 459 4256 ἴεχ’
480 4181 498 4258 ἡ
523 4182 612 4259 θύρα.
652 4181 731 4244 Cum
765 4181 785 4244 S
815 4186 847 4244 et
873 4180 902 4244 R
925 4182 958 4242 in
990 4180 1097 4244 verbis
1125 4179 1273 4243 οὐδέποτ’
1297 4179 1371 4258 ispe
1403 4195 1471 4240 con-

349 4284 495 4362 sentiant,
519 4283 605 4346 baud
628 4285 695 4348 scio
719 4305 757 4346 an
784 4285 964 4366 corruptela
987 4285 1034 4346 sic
1053 4282 1241 4366 explicanda
1265 4284 1315 4364 sit
1338 4291 1373 4344 ut
1398 4277 1473 4343 inu

349 4387 378 4462 γ’
395 4388 413 4465 ἡ
429 4394 559 4470 propter
573 4389 695 4452 litteras
712 4410 756 4466 χει
773 4388 946 4452 excideret.
971 4387 1041 4463 Quo
1057 4388 1139 4452 facto
1156 4406 1284 4451 prorsum
1301 4407 1319 4450 a
1334 4384 1472 4448 numeris

304 4689 308 4701 .
399 4671 516 4751 ,w
