3058 5222
278 405 464 476 Quaestiones
483 407 598 462 criticae
618 407 647 460 in
666 407 863 478 Aristophanis
882 407 1000 462 fabulas.
1150 401 1213 464 229

82 579 219 643 comicus
242 580 289 658 χὼ
312 579 400 642 Κεῖος
423 577 626 660 (Simonides)
650 579 766 642 omisso
790 580 921 642 nomine
940 578 1067 644 dixerit
1096 580 1218 662 Neque

81 681 231 746 lleinelrii
247 682 378 744 mutatio
399 684 447 745 καὶ
462 681 573 763 Λᾱςος,
593 700 676 762 quae
693 682 754 765 ipsi
770 681 790 744 l.
806 682 825 744 l.
842 682 966 746 incerta
982 683 1117 762 videtur,
1146 703 1218 766 pro-

81 785 190 848 babilis
214 791 269 849 est.
308 783 396 861 Quae
421 804 496 848 cum
518 785 563 848 ita
586 785 658 864 sint,
687 784 758 848 aliis
782 804 911 868 quoque
935 785 1219 850 emendationibus

78 889 175 966 (velut
198 887 328 966 ἀρχαῖος
351 887 540 968 Hermanni,
565 889 613 951 καὶ
636 889 752 952 πάντες
767 888 912 962 Valseni)
935 889 1111 970 repudiatis
1144 909 1218 952 cum

79 991 268 1055 Leeuvvenio
301 990 396 1074 culpa
424 990 625 1054 librariorum
653 990 775 1054 litteras
804 991 1033 1056 ΚΑΙΑΛΚΑΙΟΣ
1061 993 1095 1054 in
1131 992 1218 1055 ΚΑΙΑ

78 1095 190 1158 ΧΑΙΟΣ
220 1130 264 1142 -
295 1093 343 1157 sic
375 1095 460 1156 enim
494 1093 700 1158 scribendum
733 1094 816 1158 duco
850 1113 906 1178 pro
937 1094 1133 1158 Leeuwenii
1165 1095 1219 1158 illo

79 1197 540 1261 ΚΑΛΚΑΙΟΣο1ΚΑιΑΧΑΙΟΣ
559 1234 601 1242 -
621 1197 738 1261 abiisse
758 1216 931 1280 veramque
950 1198 1123 1262 lectionem
1145 1199 1221 1262 κάλ-

78 1304 162 1363 καῖος
174 1300 380 1383 Aristophani
397 1301 604 1383 grammatico
621 1300 732 1365 deberi
748 1320 923 1382 censerem,
940 1301 1002 1364 nisi
1019 1321 1091 1365 com
1101 1320 1221 1366 memo-

78 1405 156 1466 ratio
180 1403 291 1467 Alcaei
315 1424 334 1467 a
357 1405 519 1467 sententia
545 1404 642 1467 huius
666 1404 728 1468 loci
752 1404 947 1468 alienissima
971 1411 1062 1468 esset.
1100 1405 1221 1487 ltaque

79 1525 152 1570 cum
174 1507 208 1569 in
233 1505 381 1570 versibus
404 1507 520 1570 nostris
538 1526 642 1572 sermo
661 1507 719 1571 fiat
738 1507 778 1572 de
798 1507 899 1591 poetis
918 1507 991 1588 illis,
1016 1507 1071 1589 qui
1095 1513 1222 1590 tempo-

78 1609 166 1672 ribus
188 1609 370 1692 praeteritis
397 1610 595 1674 harmoniam
620 1610 854 1691 emolliverunt,
883 1609 988 1674 Keilio
1012 1616 1152 1674 auctore
1176 1610 1222 1673 lo-

79 1713 241 1776 cutionem
270 1711 670 1794 οόνο11ι1αἰοιιιτόρχαῑον,
699 1714 718 1776 1.
743 1733 768 1776 e.
795 1715 974 1795 antiquitus
1002 1713 1137 1792 tcollato
1162 1713 1221 1776 lib.

79 1835 172 1878 versu
197 1817 274 1892 593)
299 1815 375 1880 huic
398 1816 469 1880 loco
494 1836 557 1880 non
582 1817 721 1898 ineptam
746 1818 974 1900 proposuerim.
1007 1816 1044 1879 Iu
1066 1817 1222 1898 proximo

78 1925 184 1981 autem
216 1937 310 1982 versu
343 1918 581 1998 ἐμιτροφόρουν
606 1939 640 1982 τε
669 1921 726 1982 καὶ
756 1919 953 1983 διεκλῶντ’
978 1939 1050 1982 cum
1090 1918 1222 2002 Toupio,

78 2021 263 2103 Blaydesio,
294 2021 502 2103 neeuwenio,
535 2021 606 2084 aliis
638 2025 715 2103 (non
746 2022 906 2102 κάχλίδων
936 2042 1010 2086 cum
1047 2021 1223 2102 Meinekio‚

78 2125 132 2187 cui
154 2124 361 2207 Buengerus:
392 2123 440 2187 De
464 2125 519 2187 Ar.
537 2124 594 2205 Eq.
610 2123 661 2187 Ls.
678 2124 731 2187 lh.
750 2124 833 2207 apud
859 2124 946 2188 Suid.
962 2124 1028 2188 rell.
1045 2145 1074 2208 p.
1102 2126 1145 2187 46
1170 2124 1223 2188 ad·

79 2227 261 2309 stipulatur)
284 2226 492 2290 scribendum
516 2229 583 2290 erit

167 2330 207 2392 ln
227 2351 254 2394 v,
273 2332 336 2393 393
356 2332 412 2393 τὰς
432 2331 632 2394 οἰνοπότιδας
650 2331 708 2411 (R),
727 2332 783 2394 τὰς
804 2331 1005 2412 προδότιδας,
1021 2332 1076 2394 τὰς
1093 2332 1152 2394 λόλ
1169 2351 1225 2394 ους

79 2434 164 2516 prior
187 2433 359 2497 scholiasta
381 2433 409 2496 R
433 2435 599 2497 οἰνοπίπας
624 2433 711 2515 legit.
737 2432 830 2510 Quod
854 2433 1048 2498 adiectivum
1080 2434 1225 2515 Symma-

77 2537 157 2599 chus
174 2537 295 2600 scbolio
313 2536 420 2600 iudice
436 2557 500 2599 uon
520 2535 602 2599 bene
622 2537 662 2600 ad
681 2536 876 2601 locutionem
894 2540 1025 2601 πιπίζειν
1044 2539 1101 2600 τὸν
1122 2533 1212 2601 οἶνον

77 2640 213 2720 rettulit,
243 2659 317 2702 cum
347 2639 409 2702 hoc
438 2657 536 2702 sensu
565 2639 648 2721 apud
679 2641 803 2704 Atticos
831 2659 894 2702 non
924 2645 1047 2704 extaret
1078 2639 1218 2703 verbum

77 2745 219 2814 πιπίζειν.
247 2741 305 2806 sed
330 2741 464 2804 imitatio
489 2747 573 2804 esset
597 2742 685 2805 vocis
707 2742 759 2824 (cf.
775 2741 919 2822 Hesych.
939 2763 962 2805 s.
980 2761 1008 2804 v.
1025 2743 1159 2807 πιπίζειν
1193 2749 1225 2806 et

78 2849 138 2908 nv.
157 2847 231 2926 306,
257 2844 313 2908 ubi
338 2845 398 2908 hoc
418 2844 553 2908 verbum
573 2845 612 2909 de
630 2845 779 2928 clangore
799 2847 907 2908 avium
926 2851 1114 2928 usurpatum
1141 2847 1216 2927 ost);

78 2953 240 3033 praestare
256 2949 363 3031 igitur,
384 2947 486 3030 pergit
503 2948 609 3028 schol,
627 2949 793 3024 οἰνοπίπης
810 2948 849 3011 ad
866 2950 1057 3026 παιδοπίπης
1077 2949 1225 3030 exigere.

78 3053 171 3116 Alter
186 3051 357 3114 scholiasta
371 3051 408 3128 R,
426 3051 481 3131 qui
498 3051 674 3114 adnotavit:
691 3053 729 3114 τὰ
745 3055 870 3115 πλεῑςτα
887 3051 1073 3114 οἰνοπίπους
1093 3054 1213 3130 (mirac

77 3151 699 3234 1111111911.θπδαίόαε.ν.οἰνοπίπας)
724 3154 792 3234 ἔχει,
818 3153 902 3216 haud
927 3154 993 3216 scio
1019 3173 1059 3216 au
1097 3156 1226 3218 οἰνοπό-

77 3265 164 3322 τιδας
183 3256 304 3339 legerit
328 3255 379 3320 Ex
397 3255 600 3320 adnotatione
620 3257 735 3340 prioris
753 3256 942 3320 scholiastae
962 3257 1111 3337 sequitur
1132 3257 1225 3320 οἰνο-

76 3363 172 3437 πίπης
193 3359 341 3422 Latinum
363 3359 600 3440 “vinolentus''‚
625 3360 710 3441 quod
736 3360 894 3422 sententia
914 3359 1010 3422 huius
1033 3358 1098 3422 loci
1123 3358 1226 3440 flagi-

78 3469 258 3544 ternanos
280 3463 474 3545 significare.
499 3460 625 3545 Optime
645 3483 721 3526 vero
742 3463 802 3526 boo
821 3481 917 3526 sensu
940 3469 1113 3544 usurpatur
1131 3463 1216 3525 οἰνο-

76 3569 178 3644 πότης
205 3566 291 3646 (tem.
307 3568 429 3648 πότις).
466 3566 637 3630 Praeterea
665 3567 869 3630 οἰνοπότιδας
896 3585 914 3628 a
940 3567 1062 3628 comico
1096 3571 1227 3648 propter

77 3670 275 3748 προδότιδας
299 3669 555 3733 homoeoteleuto
579 3669 732 3732 eflectum
752 3687 822 3732 esse
847 3669 913 3732 veri
938 3673 987 3732 est
1006 3668 1225 3732 simillimum.

78 3772 206 3850 Quibus
226 3771 266 3835 de
286 3774 394 3835 causis
413 3773 633 3836 accusativum
652 3772 733 3854 plur.
750 3771 941 3836 substantivi
960 3772 1131 3852 οἰνοπότις,
1160 3791 1226 3854 quo

77 3881 320 3940 Anacreontem
339 3893 433 3939 usum
452 3893 522 3940 esse
541 3881 769 3940 commemorat
787 3875 903 3939 Pollux
921 3875 976 3955 Vl,
994 3876 1035 3936 22
1061 3876 1110 3936 καὶ
1131 3875 1181 3937 ο1ν
1194 3894 1226 3937 ο-

75 3982 177 4056 πότης
201 3981 251 4042 καὶ
275 3979 437 4042 οἰνοπότις
459 3981 538 4055 γυνή
564 3978 608 4042 ὡς
628 3979 815 4059 Ἀνακρέων,
840 3977 1113 4056 (11111111111101110,
1145 3976 1226 4040 Mei·

78 4083 184 4162 nekio,
204 4081 275 4145 aliis
294 4085 406 4145 contra
425 4080 595 4145 lectionem
614 4081 779 4146 οἰνοπίπας
800 4103 818 4145 a
836 4079 1013 4144 Fritzschio
1033 4085 1066 4144 et
1097 4079 1226 4161 Engero

77 4185 234 4270 probante
259 4183 429 4267 Buengero
454 4183 513 4264 tDe
533 4186 587 4247 Ar.
604 4183 662 4266 Eq.
680 4183 729 4247 Ls.
745 4183 799 4247 Th.
817 4183 902 4266 apud
926 4182 1013 4246 Suid.
1030 4182 1096 4246 rell.
1113 4203 1142 4265 p.
1159 4185 1202 4245 48

77 4293 241 4372 receptam
265 4289 335 4351 sina
359 4287 423 4352 ulla
447 4287 645 4351 dubitatione
669 4286 850 4369 amplector.
