3184 5234
357 463 401 528 32
787 469 904 526 Victor
922 468 1065 538 Coelen,

356 643 419 708 sibi
433 662 499 706 non
516 643 703 708 constiterit
727 641 774 707 ct
790 641 846 707 Po.
863 642 927 706 221
946 641 996 706 ὧν
1010 641 1116 706 οὕνεκ’
1131 641 1206 721 RV3
1227 641 1273 706 PL
1288 642 1375 706 1200
1396 641 1446 706 ὧν
1460 643 1492 707 δ’

356 746 462 812 οὕνεκ’
478 746 553 826 RV;
573 746 630 812 Ru.
647 748 735 811 1414
752 744 859 824 ὧνπερ
876 745 993 812 οὕνεκα
1008 745 1082 825 RV;
1101 745 1158 812 Tu
1177 747 1241 810 176
1259 744 1366 825 ὧνπερ
1383 746 1492 812 οὕνεκ’

356 849 401 927 R3
430 854 542 914 contra
565 848 619 914 Po.
637 849 702 912 760
731 847 778 912 ὧν
807 850 913 914 εἵνεκα
939 847 1014 928 RV;
1039 848 1100 932 Vp.
1118 849 1192 930 703,
1222 851 1295 930 719,
1325 850 1411 914 1347
1441 849 1495 913 ὧν

357 952 451 1018 εἵνεκ’
475 951 543 1016 RV.
578 951 742 1033 Equidem
770 956 879 1016 nostro
909 950 980 1015 loco
1008 950 1182 1016 lectionem
1207 951 1237 1015 R
1264 953 1356 1034 sequi
1383 952 1495 1034 veiim,

357 1057 476 1140 quippe
504 1073 580 1119 cum
603 1053 708 1119 οὕνεκ’
732 1054 914 1120 secundum
936 1054 1146 1136 Blaydesium
1174 1055 1273 1119 etiem
1297 1057 1333 1118 in
1356 1055 1494 1139 reliquis

355 1157 447 1222 libris
470 1157 669 1239 exhibeatur,
692 1157 756 1222 nisi
780 1157 864 1240 quod
890 1158 924 1220 in
948 1160 978 1221 A
1002 1154 1120 1222 οὕνεκα
1141 1158 1269 1241 legitur.

446 1261 486 1325 In
509 1260 570 1325 Nb.
588 1262 653 1324 555
678 1264 814 1325 metrum
839 1279 946 1342 neque
969 1259 1086 1324 οὕνεκα
1110 1279 1217 1342 neque
1232 1263 1339 1326 εἵνεκα
1352 1262 1495 1345 potitum

357 1371 414 1428 eut
436 1363 543 1443 οὕνεχ’
560 1369 616 1428 aut
638 1363 734 1443 εἵνεχ’
758 1363 967 1428 scribendum
989 1368 1047 1444 est,
1071 1383 1146 1428 cum
1169 1383 1350 1448 pronomen
1374 1363 1417 1441 ἣν
1440 1383 1496 1430 se-

358 1473 482 1550 quatur.
506 1465 613 1550 Atque
631 1487 705 1530 oum
720 1471 793 1549 post
807 1466 1008 1530 substantiva
1021 1466 1127 1530 forma
1141 1465 1258 1531 οὕνεκα
1272 1469 1308 1530 in
1324 1467 1498 1532 codicibus

357 1571 503 1635 exhiberi
520 1570 621 1634 soleat
643 1570 695 1652 (ei
711 1572 771 1634 nv.
789 1571 854 1634 293
871 1570 1044 1649 ἀεφαλείαε
1060 1569 1187 1652 οὕνεκα,
1203 1569 1263 1634 Nb.
1281 1571 1344 1634 361
1362 1573 1495 1649 γνώμης

357 1672 484 1754 οὕνεκα,
515 1673 561 1737 Pl.
587 1673 651 1737 990
682 1675 786 1751 φιλία(
816 1669 942 1754 οὕνεκα,
972 1672 1028 1736 Ra.
1054 1673 1140 1737 1118
1171 1678 1294 1738 θεατῶν
1321 1672 1496 1756 dodras,

356 1776 437 1842 Ach.
455 1778 520 1840 958
538 1777 748 1856 ευχοφάντων
763 1775 793 1851 γ’
810 1773 936 1856 οὓνεκο,
958 1773 1013 1838 tn
1027 1775 1092 1838 366
1108 1777 1217 1854 χώρας
1231 1775 1357 1859 οὕνεκ’),
1381 1783 1498 1841 nostro

356 1880 428 1944 loco
454 1883 512 1945 τοῦ
541 1879 701 1957 κόρδακος
730 1878 835 1944 οὕνεκ’
860 1897 956 1960 quam
985 1878 1078 1943 εἵνεκ’
1103 1879 1244 1944 scribere
1273 1880 1365 1943 malo.
1400 1879 1498 1956 Quae

356 1982 476 2048 locutio
506 1983 601 2046 etiam
628 1983 664 2045 in
688 1980 818 2046 Austid.
843 2001 888 2045 or.
910 1983 961 2063 34,
985 1983 1027 2044 47
1053 1980 1140 2062 (Keil
1156 2012 1192 2035 =
1207 1983 1240 2046 ΙΙ
1260 1984 1325 2046 564
1344 1982 1417 2064 Dd.)
1439 1985 1495 2046 in-

357 2087 496 2165 venitur,
518 2085 576 2148 ubi
592 2085 721 2148 codices
737 2103 802 2147 non
818 2084 1002 2167 interpolati
1018 2083 1144 2166 οὔνεκα,
1163 2087 1262 2150 ceteri
1278 2088 1383 2151 εἵνεκα
1397 2105 1497 2170 prac-

358 2189 444 2262 beut,
468 2208 531 2271 quo
555 2189 595 2253 dc
619 2188 690 2254 loco
714 2187 749 2251 B.
766 2187 893 2251 Keilius
915 2205 967 2251 me
991 2187 1125 2250 monuit

446 2291 552 2356 Tertio
576 2291 717 2373 denique
740 2290 820 2373 loco,
844 2290 897 2354 Ρο.
915 2291 989 2372 744,
1012 2291 1108 2355 lectio
1126 2292 1155 2353 V
1172 2294 1277 2357 εἵνεκα
1291 2293 1381 2358 τουδὶ
1398 2312 1497 2376 proe-

356 2396 491 2461 ierenda
519 2395 600 2458 mihi
630 2393 773 2474 videtum
805 2394 952 2460 conferre
983 2397 1067 2460 enim
1099 2396 1176 2460 licet
1205 2395 1265 2460 Nb.
1286 2397 1352 2460 422
1384 2398 1496 2461 εἵνεκα

356 2499 481 2563 τούτων
500 2497 573 2576 RV3
598 2497 653 2562 Pc.
670 2499 735 2562 210
758 2497 848 2562 τοῦδ’
866 2498 962 2577 εἵνεχ’
980 2499 1055 2579 RV3
1075 2497 1126 2562 Is.
1144 2501 1206 2564 501
1231 2499 1323 2563 τοῦδ’
1340 2501 1447 2564 εἵνεκα
1461 2499 1498 2564 R

358 2601 532 2683 ceterique.

450 2704 521 2769 Uno
542 2704 622 2787 loco,
645 2703 691 2768 Pl.
705 2705 779 2787 989,
803 2707 909 2770 ἕνεκεν
931 2705 1051 2788 legitor
1071 2705 1158 2786 ins,
1180 2705 1273 2770 ἕνεκα
1292 2707 1327 2768 in
1346 2705 1390 2784 V3
1410 2725 1497 2769 neu-

358 2810 444 2870 trum
472 2807 615 2872 numeris
642 2807 761 2872 invitis.
797 2807 991 2890 Priusquam
1019 2813 1125 2872 eutem
1154 2807 1195 2871 ad
1220 2808 1356 2872 formam
1384 2809 1497 2874 ἕνεκεν

359 2913 567 2992 transeamus,
588 2909 755 2974 defendis
771 2910 872 2990 ἕνεκα,
889 2909 1015 2993 οὕνεκα,
1032 2913 1137 2976 εἵνεκα
1152 2913 1247 2976 etiam
1263 2911 1344 2975 illud
1360 2930 1498 2976 monere

357 3013 448 3076 iuvat
458 3013 707 3097 Aristophanem
718 3014 780 3076 sibi
792 3013 974 3078 constitisse
987 3015 1020 3076 in
1033 3013 1123 3079 hisce
1136 3013 1261 3078 duabus
1273 3014 1497 3079 locutionibus

357 3117 442 3180 τίνα(
465 3113 598 3195 οὔνεκα,
624 3122 657 3180 et
676 3120 806 3180 πολλῶν
823 3115 949 3180 οὔνεκα.
974 3115 1118 3193 Quarum
1141 3119 1228 3200 prior
1250 3117 1305 3180 illa
1326 3118 1499 3180 invenitur

358 3219 394 3281 in
409 3221 469 3282 Ar.
487 3221 561 3299 517,
578 3219 632 3283 Ρο.
650 3220 725 3299 203,
742 3218 787 3283 Pl.
806 3221 902 3300 1177,
918 3219 975 3284 Ra
993 3221 1089 3303 1008,
1105 3219 1204 3286 altera
1218 3222 1254 3284 in
1269 3221 1329 3284 Nb.
1348 3221 1377 3303 6,
1394 3222 1497 3304 1508,

358 3321 414 3385 Ec.
433 3324 507 3403 559,
532 3323 596 3385 659
621 3321 672 3404 (cf.
692 3342 721 3406 p.
739 3323 801 3403 34),
825 3321 880 3385 Th.
896 3323 971 3386 454.

451 3425 554 3488 Venio
582 3445 671 3490 nuuc
698 3425 738 3489 ad
761 3425 895 3489 formam
920 3427 1034 3490 ἕνεκεν.
1071 3425 1143 3502 Qua
1164 3432 1290 3510 praeter
1311 3425 1498 3491 Homerum

337 3533 392 3592 ‘et
413 3528 534 3610 lyricos
557 3530 671 3612 poetae
694 3528 920 3610 Alexandrini,
949 3530 1005 3611 qui
1029 3535 1197 3611 vocantur,
1219 3530 1271 3593 nsi
1295 3535 1371 3593 sunt
1394 3535 1498 3613 atque

359 3631 400 3694 iis
416 3629 546 3713 quidem
561 3631 650 3712 lociS,
667 3631 785 3713 quibus
797 3637 935 3696 metrum
948 3632 1031 3696 hano
1046 3632 1180 3697 formam
1196 3633 1369 3716 flagitabat
1394 3632 1498 3697 Velut

359 3733 444 3816 apud
460 3733 569 3816 epicos
584 3731 822 3798 Alexandrinae
838 3735 959 3816 aetatis,
975 3735 1181 3819 Apollonium
1197 3735 1359 3800 Rhodium
1375 3738 1407 3816 4,
1425 3737 1497 3800 364

360 3840 424 3900 (ῶν
456 3837 561 3900 ἕνεκεν
592 3837 739 3914 καμάτων
772 3840 803 3900 et
832 3835 1037 3901 Theocritum
1063 3840 1114 3921 17,
1137 3839 1181 3902 46
1212 3841 1301 3904 (ἑθεν
1331 3839 1360 3902 δ’
1384 3840 1495 3904 ἕνεκεν

361 3938 516 4020 Βερενίκα,
534 3939 585 4021 29,
603 3941 643 4002 37
662 3938 730 4016 μάλ’
743 3940 851 4003 ἕνεκεν
867 3941 957 4004 (ἑθεν
973 3940 1099 4024 legitur.
1124 3939 1188 4006 Sed
1202 3961 1221 4004 a
1236 3945 1345 4006 vetere
1356 3940 1497 4005 dialecto

360 4041 469 4106 Attica
490 4042 625 4106 formam
650 4044 756 4106 ἕνεκεν
772 4041 908 4106 alienam
928 4062 998 4108 esse
1014 4049 1123 4108 monet
1137 4043 1349 4108 Meisterhans
1372 4064 1402 4128 p.
1416 4045 1498 4107 216.

361 4143 462 4208 Cuius
484 4145 557 4229 ipsa
578 4144 676 4210 verba
698 4144 880 4210 efferimus:
909 4145 1014 4211 “Dem
1037 4147 1207 4212 Attischen
1230 4167 1295 4211 von
1316 4147 1409 4210 Haus
1432 4165 1497 4210 aus

339 4247 464 4312 ¹fremd
487 4248 560 4311 sind
584 4247 637 4312 die
659 4247 798 4313 Formen
821 4248 877 4312 aui
899 4269 949 4312 -εν
973 4250 1100 4331 (ἕνεκεν,
1124 4251 1253 4330 εἵνεκεν,
1276 4249 1420 4331 οὕνεκεν)
1436 4299 1444 4313 .
1461 4299 1496 4314 ..

360 4349 514 4435 Degegen
543 4351 679 4433 dringen
707 4351 760 4416 die
786 4351 925 4416 Formen
953 4352 1009 4416 aui
1035 4373 1084 4417 ·εν
1112 4354 1174 4417 seit
1201 4350 1266 4416 den
1292 4351 1405 4416 Zeiten
1434 4352 1499 4418 der
