3058 5222
275 521 461 591 Quaestiones
480 521 594 576 criticae
613 522 643 576 in
660 521 857 591 Aristophanis
875 520 995 576 fabulas,
1137 515 1198 578 197

72 697 193 778 perite
222 696 271 777 (ut
290 695 416 775 τρίβων,
444 693 528 758 Nub.
553 695 671 776 869.)”.
700 692 803 770 Quem
826 693 934 756 lusum
957 693 1129 758 Donnerns
1153 693 1202 757 sic

72 797 227 861 reddidit:
264 797 373 860 “wid
400 796 513 861 diesen
543 795 861 880 Lumpcnmantel
889 815 968 878 weg,
994 795 998 878 l
1028 796 1102 861 Und
1130 797 1202 881 lege

71 900 318 985 lumpenhaft
340 897 391 962 dir
414 919 455 962 an
479 899 549 963 dies
572 917 690 962 warme
713 895 839 962 Kleid’.
864 897 1032 981 Equidem,
1056 906 1093 964 ut
1114 900 1202 983 prin·

72 1005 184 1088 cipalis
208 1003 403 1086 significatio
421 1002 512 1066 verbi
529 1004 652 1084 τρίβειν,
673 1021 755 1084 quae
772 1000 974 1065 substantivo
995 1005 1110 1082 τρίβων
1127 1001 1203 1066 sub-

71 1111 128 1182 est
157 1108 192 1170 in
221 1111 329 1170 nostro
360 1123 508 1169 sermone
536 1110 692 1186 servetur,
721 1106 769 1169 sic
797 1113 922 1169 vertere
953 1106 1064 1170 velim:
1097 1105 1205 1168 “Wirf

74 1209 188 1274 diesen
218 1209 313 1290 alten,
341 1207 612 1291 abgaricbnen
641 1207 763 1271 Mantel
787 1227 858 1288 weg
880 1206 949 1270 und
971 1207 1043 1291 lege
1067 1207 1119 1270 dir
1140 1227 1204 1292 ge-

71 1312 209 1376 rieben
233 1331 274 1374 an
298 1310 368 1374 dies
383 1329 502 1374 wamne
521 1307 648 1374 Kleid”.
668 1309 882 1375 Ireeuwenius
898 1314 1006 1374 autem
1021 1311 1205 1394 vituperan-

71 1415 133 1478 dus
163 1419 220 1496 est,
249 1413 335 1497 quod
365 1415 486 1478 temere
516 1418 668 1478 νεανικῶς
697 1414 731 1476 in
762 1417 855 1477 textu
885 1414 992 1497 posuit
1018 1415 1080 1479 hac
1108 1433 1205 1478 cansa

71 1518 195 1582 addita:
221 1516 434 1595 “τριβωνικῶς
459 1513 560 1598 codd,
584 1515 670 1598 quod
694 1516 775 1579 nihil
796 1525 851 1580 est.
876 1516 926 1580 Rx
943 1516 1082 1580 lectione
1098 1517 1204 1599 altera,

72 1641 172 1705 quam
197 1619 321 1684 scholia
343 1617 504 1702 praebent7
527 1624 724 1701 γεροντικῶς,
742 1621 872 1703 apparet
892 1619 977 1683 solas
992 1620 1116 1684 litteras
1132 1640 1206 1684 ικως

71 1725 234 1808 genuinas
259 1739 339 1804 esse,
364 1728 488 1786 ceteras
511 1722 595 1786 male
612 1739 683 1786 esse
699 1722 862 1806 suppletas
886 1725 942 1786 aut
963 1743 980 1787 e
999 1721 1207 1806 praecedenti

73 1847 173 1891 vorsu
189 1827 253 1890 huc
270 1824 467 1888 aberrassc'’.
492 1825 562 1902 Qua
578 1825 765 1890 Leeuwenii
789 1826 965 1890 mutatione
986 1826 1048 1889 loci
1070 1843 1206 1890 acumen

71 1931 206 1994 mffimn

167 2032 284 2096 Pacis
299 2053 328 2095 v.
346 2033 411 2095 346
433 2033 467 2094 in
488 2031 547 2095 RV
567 2031 615 2094 sie
638 2031 770 2114 legitur:
796 2032 821 2096 εί
841 2033 901 2110 γὰρ
918 2031 1066 2107 ἐκγένοιτ’
1083 2029 1206 2114 (γένοιτ’

72 2136 210 2216 Vltoris
233 2135 348 2213 ταύτην
373 2155 409 2212 με
432 2136 491 2211 τὴν
514 2134 633 2212 ἡμέραν
656 2135 742 2198 ποτέ.
766 2134 944 2198 Scholiasta
963 2135 1117 2198 metricus
1137 2137 1210 2218 post

70 2239 193 2302 lemma
209 2239 234 2301 εί
250 2238 311 2315 γάρ
327 2258 378 2315 ροι
402 2238 526 2311 γένοιτο
551 2236 638 2299 huno
661 2254 792 2299 versum
816 2255 887 2300 esse
907 2239 1127 2301 tetrametrum
1146 2239 1209 2300 tro-

71 2342 226 2405 chaicum
251 2340 474 2404 catalecticum
497 2338 668 2402 adnotavit.
692 2338 825 2420 Versus,
850 2359 947 2422 quem
966 2339 1025 2403 RV
1047 2339 1208 2424 praebent,

71 2444 223 2508 numeris
248 2442 444 2506 adversatur.
468 2440 596 2505 lamed
619 2461 694 2505 eum
714 2442 893 2506 sanandum
917 2442 1158 2508 consideremus
1180 2463 1208 2505 v.

71 2547 348 2630 antistrophicum
374 2547 447 2609 582.
471 2544 535 2609 Sed
558 2565 634 2608 cum
658 2546 712 2608 hio
737 2565 867 2628 quoque
890 2566 1005 2615 versus
1028 2548 1062 2610 in
1078 2547 1139 2612 RV
1162 2547 1211 2609 in·

74 2652 144 2713 vito
171 2653 271 2712 metro
293 2648 341 2712 sic
357 2647 561 2712 exhibeatur:
588 2653 685 2730 χαῖρε,
705 2647 787 2726 χαῖρ’
809 2648 835 2710 ὠ
855 2649 979 2727 φίλταθ’
996 2649 1086 2730 (-τατ’
1102 2649 1131 2713 R
1147 2668 1209 2712 sco.

70 2755 198 2832 Horu.)
215 2754 259 2817 ὡς
278 2753 452 2830 ἀςμένοιςιν
468 2753 537 2830 ἡμῖν
554 2753 658 2832 ἦλθες,
684 2771 725 2815 ex
750 2771 788 2815 eo
812 2755 951 2815 metrum
976 2773 1004 2815 ν.
1029 2753 1094 2816 346
1118 2753 1211 2816 resti-

72 2859 124 2921 tui
153 2857 274 2938 nequit
304 2854 390 2918 Illud
419 2854 551 2938 quidem
580 2873 622 2918 ex
650 2853 855 2918 adnotatione
883 2854 980 2918 schol.
1011 2859 1134 2918 certum
1163 2861 1213 2918 est

72 2980 233 3026 numeros
250 2960 430 3024 trochaioos
448 2960 556 3023 versui
573 2962 680 3022 nostro
702 2958 884 3023 reddendos
909 2979 988 3024 esse.
1014 2959 1213 3044 Quapropter

72 3064 265 3130 Meinelrius
294 3063 413 3144 aliique
441 3061 584 3126 Porsono
609 3065 740 3125 auctore
764 3061 1010 3145 pronominibus
1035 3085 1073 3141 με
1092 3063 1153 3127 RV
1181 3066 1213 3127 et

72 3192 129 3247 μοι
149 3167 248 3232 schol.
266 3167 388 3250 eiectiS,
409 3186 491 3249 quae
509 3169 546 3230 ut
569 3167 756 3249 saepissime
772 3167 824 3247 (cf.
841 3167 889 3231 ad.
906 3168 965 3232 Nb.
988 3169 1074 3232 1036
1090 3190 1118 3252 p.
1138 3171 1213 3248 173)

72 3274 123 3336 ita
151 3272 213 3335 hoc
237 3271 307 3334 loeo
331 3271 452 3333 inserta
476 3289 547 3334 esse
572 3269 747 3333 verisimile
768 3277 825 3352 cst,
847 3272 872 3334 εί
893 3272 954 3348 γὰρ
971 3270 1120 3346 ἐκγένοιτ’
1137 3271 1212 3335 ίδεῑν

69 3379 138 3453 τὴν
164 3374 283 3452 ἡμέραν
306 3375 425 3450 ταύτην
448 3376 525 3435 ποτὲ
551 3373 752 3455 scripserunt
775 3373 888 3437 ordine
904 3373 1075 3437 verborum
1098 3375 1213 3453 ταύτην

70 3481 138 3554 τήν
166 3479 297 3557 mutato,
320 3495 362 3540 ne
378 3475 528 3558 quintum
548 3475 663 3558 pedem
684 3477 860 3540 tetrametri
881 3477 1036 3540 trochaici
1053 3476 1215 3560 spondeus

70 3619 121 3629 -
149 3600 207 3657 την
229 3582 287 3656 τήν
311 3584 491 3662 oocuparet

173 3682 213 3745 In
237 3682 547 3746 Acharnensium
565 3703 593 3746 v.
612 3684 675 3746 778
693 3681 843 3746 codicum
859 3682 954 3745 lectio
971 3685 1020 3746 est
1036 3683 1075 3747 οὐ
1096 3687 1215 3761 χρῆςθα

74 3790 182 3862 ςιγῆς.
207 3785 310 3849 Sohol
334 3784 363 3848 R
386 3784 543 3867 explicat:
570 3785 748 3863 λεληθότως
770 3786 851 3863 πρὸς
870 3788 908 3848 τὰ
932 3788 1066 3864 χοιρίδια
1082 3787 1163 3860 λέγει
1178 3787 1215 3848 τὸ

72 3891 120 3954 οὐ
148 3891 273 3966 χρῆςθα
297 3891 393 3962 ςιγᾶν.
427 3886 520 3970 Legit
542 3887 643 3970 igitur
671 3886 756 3950 hand
781 3886 879 3951 dubie
903 3889 942 3952 οὐ
971 3892 1093 3967 χρῆςθα
1120 3891 1216 3964 ςιγᾶν.

74 3994 191 4070 Quam
216 3991 409 4073 scripturam
433 3991 595 4054 infinitivo
619 3990 737 4054 Dorico
762 3995 849 4068 ςιγῆν
873 3991 1011 4073 reposito
1032 3990 1217 4054 Meinelrius

72 4098 131 4160 sic
159 4095 268 4158 vertit:
293 4113 357 4157 non
383 4093 480 4158 debes
498 4095 602 4158 silere.
630 4096 675 4157 At
695 4113 753 4156 suo
776 4095 847 4157 iure
867 4092 1060 4174 Blaydesins
1079 4100 1217 4174 veretur,

71 4205 115 4263 ut
148 4201 270 4275 χρῆςθα
294 4196 458 4279 significet
481 4195 633 4260 “debes”.
664 4196 745 4260 Nam
770 4200 891 4274 χρῆςθα
914 4216 971 4278 pro
995 4200 1122 4278 χρῄζεις,
1146 4196 1165 4258 i.
1191 4215 1217 4259 e.

72 4303 143 4380 ris,
159 4300 252 4383 cupis
277 4298 399 4363 dictum
423 4298 535 4363 volunt
557 4298 662 4380 Dind,
687 4299 813 4380 Bergk,
829 4298 958 4362 Ahrens
974 4298 1023 4362 Ι)ε
1043 4297 1125 4361 Dial.
1142 4297 1217 4361 Dor.

72 4427 105 4490 p.
138 4405 213 4465 353.
245 4401 358 4484 ltaque
387 4403 496 4465 nescio
525 4421 566 4464 an
594 4404 734 4484 praestet
762 4421 837 4464 cum
865 4400 1013 4483 Bergkio‚
1041 4400 1217 4464 Fritasolrio
