3184 5234
314 505 501 574 Quaestiones
520 506 635 562 criticae
653 505 684 562 in
701 507 900 578 Aristophanis
919 508 1038 564 fabulae.
1196 503 1240 567 25

562 715 786 795 Lysistretee:

130 842 190 880 ree.
286 814 468 882 S—BCLA
956 818 986 884 R

131 922 198 984 156
221 922 403 1000 παρενιδὼν
779 924 961 999 πορευιδὼν
985 941 1059 986 eum
1083 921 1166 1008 L††

130 1025 198 1089 170
223 1022 474 1106 ῥυχάχετονῖῖς
493 1021 647 1100 ῥυάχετον
850 1023 1101 1110 ῥυγχάχετονῇ

222 1125 362 1191 editores
374 1144 415 1189 ex
427 1123 504 1188 HeS.
516 1130 548 1188 et
557 1123 647 1188 Phoe

221 1248 248 1295 s.
265 1249 294 1292 τ.
310 1229 529 1292 restituerunt.

130 1333 196 1397 291
220 1335 267 1397 τὼ
287 1331 369 1399 ξύλω
703 1337 758 1397 τῶι
790 1332 871 1401 ξύλω
902 1337 994 1416 (corr.
1018 1355 1059 1399 ex
1091 1339 1243 1422 {uiri)††

129 1437 195 1499 367
220 1434 401 1514 πλεύμονας
423 1453 447 1497 r.
472 1432 519 1498 cf.
535 1432 576 1496 ad
592 1431 647 1497 Re.
881 1439 1063 1518 πνεύμονας

221 1537 288 1601 474
311 1556 340 1620 p.
359 1537 401 1598 14

128 1643 195 1704 417
221 1642 315 1706 πιέζει
898 1645 1049 1729 πιεζεῖῒτ

128 1746 197 1808 448
221 1743 371 1809 ἐκκοκκιῶ
383 1744 533 1827 (ἐκκωκιῶ
546 1737 648 1825 81489)
819 1745 950 1811 ἐκκοκιυῖ
975 1766 1047 1810 oum
1073 1746 1129 1832 C†

129 1849 198 1911 458
223 1850 461 1926 ςκοροδοπανδ-
861 1851 1088 1934 ςκοροπανδ-χι

130 1949 197 2012 506
221 1952 304 2028 γραῦ
329 1955 421 2032 ςαιπῇ
839 1955 940 2027 γραῦς
963 1951 1108 2038 αῦτῆιῆ

131 2051 197 2112 549
221 2055 329 2128 τηθῶν
891 2055 1054 2140 τήθωνῆ

131 2155 197 2218 553
224 2154 437 2234 ῥοπαλιςμοῦς
767 2154 948 2233 ῥοπαλιμοις
971 2158 1041 2240 (sie)
1064 2157 1110 2224 R¹

768 2256 960 2336 ῥοπαλιμοὺς
984 2260 1029 2325 R¹
1141 2219 1189 2302 4-4

130 2360 197 2423 561
223 2359 275 2440 ἐφ’
291 2363 392 2426 ἰ’ππου
857 2361 909 2440 ἐφ’
931 2363 1090 2449 ἵππονῆ

131 2463 196 2524 577
222 2465 392 2528 πιλοῦντας
417 2465 513 2541 (πωλ-
704 2465 867 2544 θλῖβονιας
896 2464 937 2548 gl.
969 2485 1011 2530 ex
1042 2466 1163 2531 scholio
1193 2471 1243 2532 καὶ

222 2562 392 2652 BCA¹††)
703 2569 876 2632 πιλοῦντας
904 2571 979 2632 τοὺς
1009 2571 1172 2648 θλίβοντας
1201 2570 1243 2634 εῖς

703 2670 925 2746 τὴνπολιτείαν
936 2672 1110 2736 ἑαυτοὺςῖιι
1119 2676 1244 2737 textum

703 2771 836 2836 illatum.

133 2876 198 2938 656
223 2874 351 2954 ἄρα-
377 2877 455 2940 ἐςτιν
830 2874 892 2954 ἄρα
916 2913 958 2922 -
983 2877 1121 2961 {trivi-i

131 2979 198 3041 700
222 2985 257 3061 τῇ
282 2979 402 3062 Ἑκάτῃ,
425 2978 513 3061 quod
533 2978 651 3061 θὴκὰτῃ
874 2983 922 3058 τῆι
946 2979 1079 3065 κάτῃῖτ

223 3080 397 3165 legendum
421 3087 477 3147 esi

134 3183 199 3246 791
223 3184 280 3248 τιν’
834 3185 892 3250 τίν’
909 3205 983 3249 eum
1007 3184 1060 3250 BG
1070 3185 1119 3268 *χῖ

133 3287 200 3350 795
224 3287 311 3366 ἡμεῖς
334 3288 365 3350 δ’
380 3285 481 3371 praef.
907 3289 993 3366 ἡμεῖς
1015 3287 1043 3351 τ’

134 3389 200 3452 983
223 3391 368 3468 κυρςὰνιε
804 3391 965 3468 κυρςάνειε
988 3389 1016 3455 R
1040 3392 1152 3475 eorr.†

111 3493 201 3555 1039
224 3494 471 3571 πανωλέθροιςιν
840 3495 1111 3577 πανολὲθροιςινῖ

115 3595 202 3659 1073
225 3595 353 3674 ἔχοντες
882 3595 1072 3681 ἔχονταςῇ

643 3741 718 3820 ρο.

204 3867 270 3932 Iam
293 3869 334 3932 ad
358 3888 414 3934 eos
432 3869 520 3934 locos
538 3868 720 3933 tractandos
739 3866 969 3953 aggrediamur,
993 3889 1074 3952 quoe
1093 3871 1245 3934 asterisco

114 3971 301 4036 notavimus.
330 3973 438 4054 Aeque
462 3992 537 4036 eum
560 3971 600 4036 de
623 3971 682 4054 Eq.
705 3975 739 4035 et
761 3971 816 4035 Re.
841 3971 988 4035 versibus
1011 3971 1141 4054 prolatis
1165 3971 1247 4034 nihil

117 4070 285 4137 dicendum
314 4073 407 4138 nobis
434 4074 484 4156 sit,
513 4073 720 4138 eNubium
748 4073 857 4138 fabula
879 4074 1051 4138 ordiemur.
1087 4074 1188 4140 Cuius
1212 4076 1246 4137 ῖιι

117 4193 145 4238 v.
158 4177 219 4238 371
236 4178 334 4241 καίτοι
350 4180 430 4256 χρῆν
446 4177 568 4256 αῖθρῖας
584 4177 650 4242 ὓειν
666 4177 773 4260 αῦτόν,
788 4180 904 4242 ταύτας
918 4177 948 4242 δ’
962 4178 1135 4256 ἀποδημεῖν
1147 4177 1246 4242 S—V

118 4285 337 4360 peecaverunt,
365 4299 441 4344 eum
468 4287 541 4364 post
568 4280 689 4359 αἰθρίας
715 4279 874 4364 glossema
902 4279 996 4360 οὔςης
1019 4287 1120 4345 metro
1143 4281 1245 4345 invito

119 4381 152 4443 in
168 4385 288 4446 textum
304 4383 493 4467 reciperent
518 4382 564 4447 cf.
582 4382 628 4446 Pl.
645 4383 719 4466 516,
743 4382 800 4447 ubi
823 4385 970 4449 similiter
991 4385 1027 4447 in
1043 4384 1072 4444 V
1088 4388 1161 4468 post
1175 4385 1246 4462 ὑμῖν
