3184 5234
344 480 390 544 60
772 485 889 542 Victor
907 443 1052 555 Goulon,

347 659 413 724 δὶν’
425 659 466 722 ἂν
482 659 573 738 λάβοι
588 659 668 724 ποτέ
682 657 842 742 Borgkius
858 657 977 741 duplox
994 657 1034 723 ἀν
1050 657 1078 722 R
1093 659 1234 722 retinuit
1255 657 1349 736 Quod
1366 678 1475 742 quom-

344 781 442 846 qmm
466 761 506 825 ab
530 767 598 825 ario
620 761 828 844 grammatica
849 780 915 825 non
939 759 1088 825 abhomt
1112 797 1156 810 -·-
1177 767 1226 826 ost
1254 763 1340 826 onim
1355 758 1475 826 Ἀττικι-

347 866 434 948 τμόε,
451 865 491 928 ἀο
510 883 574 948 quo
594 865 629 926 in
648 862 729 928 libro
747 865 923 948 posteriore
943 865 983 929 ad
1002 863 1048 928 Pl.
1068 866 1129 928 107
1134 866 1154 928 8
1173 865 1279 928 fusius
1297 867 1411 947 agetur
1425 901 1475 946 -,

346 973 454 1032 tamon
477 972 513 1031 ui
535 968 663 1032 numeri
686 967 803 1031 molius
826 967 998 1051 profluant,
1021 968 1234 1051 praeferenda
1253 971 1303 1034 ost
1319 969 1477 1051 seriptum

345 1074 502 1150 πλευρὶττ(
526 1071 599 1134 sino
620 1070 660 1134 dv
684 1072 799 1135 oetoris
823 1071 1001 1134 editoribus
1025 1071 1164 1154 probato
1191 1120 1196 1129 .

436 1174 638 1240 Adverbium
656 1177 783 1253 νύκτωρ
802 1193 917 1240 iromus
935 1176 998 1238 741
1024 1175 1105 1254 ἀωρὶ
1128 1177 1254 1254 νύκτωρ
1274 1177 1325 1239 διὰ
1347 1175 1407 1239 τὸν
1426 1173 1480 1252 ἀρ·

346 1284 439 1356 θριον
463 1279 566 1357 νόμον
590 1277 623 1342 G.
647 1276 819 1342 Kuohnius
841 1277 901 1360 (Do
925 1278 1015 1343 oodd.
1039 1280 1094 1360 qui
1118 1279 1174 1344 Ar.
1195 1277 1250 1342 Eo.
1267 1284 1300 1342 et
1321 1275 1371 1341 Lo.
1389 1277 1480 1341 exhi-

347 1380 434 1462 bend
457 1400 486 1463 μ
506 1381 559 1462 10)
582 1380 665 1445 bono
688 1382 736 1444 sio
760 1380 920 1445 defendit:
945 1381 1040 1446 “Non
1063 1382 1231 1466 perspicio,
1256 1401 1317 1446 our
1338 1379 1404 1443 duo
1427 1379 1482 1442 ad-

346 1483 459 1547 verbia
482 1484 597 1567 οοροὶο
619 1485 737 1547 omissa
759 1485 912 1567 coniungi
935 1489 1107 1566 nequeant,
1132 1485 1160 1547 si
1184 1484 1316 1566 quidem
1334 1483 1482 1560 altorum

346 1586 484 1668 νύκτωρ,
507 1585 548 1649 ad
563 1585 791 1668 explicandum
807 1589 897 1669 prius
917 1587 998 1668 ἀωρὶ
1013 1587 1194 1671 adpositum
1213 1605 1283 1652 osse
1302 1587 1482 1651 statuimus

348 1688 520 1753 Praeterea
535 1707 577 1753 ox
592 1688 674 1754 locis
690 1709 709 1754 o
724 1688 895 1772 Blaydosio
915 1690 1019 1754 allatis
1037 1691 1145 1755 evadit
1162 1691 1242 1769 ἀωρὶ
1259 1693 1326 1755 τῶν
1345 1694 1483 1768 νυκτῶν,

348 1802 414 1855 n'on
439 1791 520 1869 ἀωρὶ
543 1797 668 1857 νυκτῶν
691 1793 863 1858 invenin'”.
895 1793 942 1858 ef.
960 1795 1056 1858 etiam
1085 1794 1167 1858 duos
1188 1793 1276 1858 looos
1307 1791 1393 1877 apud
1417 1792 1486 1876 opi-

346 1894 578 1978 siolographm,
608 1915 689 1976 quos
721 1895 895 1960 dictionem
926 1896 1125 1960 comicorum
1154 1898 1313 1980 imprimis
1342 1896 1485 1959 imitatos

347 2016 420 2063 osso
443 2003 583 2080 constat,
615 1997 772 2063 Arisioon.
796 1999 1025 2083 iib.110p.19
1050 1999 1174 2076 ἀκήκοα
1196 2001 1281 2064 νέων
1304 2004 1486 2077 κωματτῶν

349 2101 429 2180 ὑπὲρ
454 2103 533 2180 ἐμοῦ
559 2103 751 2181 μαχομένων
774 2102 854 2180 ἀωρὶ
877 2105 1003 2182 νύκτωρ
1028 2109 1061 2167 ot
1078 2102 1237 2167 Phodarid.
1257 2121 1305 2186 ep.
1324 2103 1387 2165 141
1409 2107 1486 2184 (ooo.

349 2202 566 2286 Herodorum)
589 2207 717 2283 νύκτωρ
741 2205 822 2284 ἀωρὶ
845 2205 1051 2271 παντάπαειν.
