3058 5222
325 517 391 580 ‘218
752 525 869 581 Victor
887 525 1031 594 Couiorr,

326 717 442 778 ρουςιν,
470 696 696 776 ςκευοφόρους.
725 697 806 761 Mihi
831 699 963 780 quidem
996 719 1070 764 oum
1099 699 1277 780 Diodoriio,
1309 700 1454 783 Bergiio,

324 799 497 880 Meineirio,
521 799 591 864 aliis
613 819 727 864 versus
750 802 879 884 spurius
903 802 1031 866 videtur
1054 809 1086 867 et
1109 821 1161 884 co,
1192 803 1278 885 quod
1303 823 1379 866 oum
1404 825 1457 866 an-

325 901 486 968 tecedenti
513 922 608 967 versu
638 923 744 986 neque
774 905 906 968 relativo
934 905 1124 988 pronomine
1159 923 1266 987 neque
1301 905 1366 969 ulla
1391 925 1457 989 par-
1523 933 1524 946 ι

325 1004 424 1069 ticuia
463 1006 656 1070 coniunctus
693 1013 752 1088 est,
784 1012 817 1070 et
845 1026 896 1088 oo,
935 1008 1022 1090 quod
1050 1007 1147 1071 huius
1175 1008 1238 1071 ioci
1277 1009 1457 1072 sententiae

325 1127 390 1172 non
414 1110 574 1190 convenit,
591 1113 627 1172 ut
642 1108 832 1174 Diodorfius
850 1109 919 1174 coil.
936 1110 1034 1174 schol.
1051 1109 1111 1174 Nb.
1129 1112 1194 1174 296
1211 1113 1345 1174 monuit
1364 1111 1459 1175 Prae

325 1219 414 1277 terea
435 1232 493 1296 pro
517 1213 625 1276 verbis
649 1213 682 1277 ἐν
706 1215 858 1297 κωμῳδίᾳ
886 1214 1018 1297 pluralis
1049 1221 1256 1298 exspectatur
1283 1234 1458 1278 numerus:

325 1315 360 1381 ἐν
383 1317 469 1397 (ταῖς)
493 1319 672 1399 κωμῳδίαις
695 1318 781 1379 utin
800 1316 855 1380 Ra.
873 1318 937 1380 935
958 1317 992 1380 ἐν
1010 1319 1205 1401 τραγῳδίαις,
1229 1318 1381 1395 18834,
1403 1321 1460 1382 Ar.
1524 1319 1525 1332 ¹

328 1421 389 1483 101
416 1418 450 1482 ἐν
472 1423 540 1484 ταῖς
562 1419 787 1502 τραγῳδίαιςιν,
810 1419 864 1483 Th.
889 1422 954 1484 450
979 1421 1014 1485 ἐν
1036 1425 1130 1486 ταῖςιν
1148 1423 1344 1503 τραγῳδίαις.
1372 1421 1462 1498 Quae

326 1541 400 1586 cum
424 1522 468 1584 ita
491 1539 526 1584 se
549 1520 696 1602 habeant,
720 1541 849 1586 versum
870 1543 888 1586 ο
906 1525 1113 1606 grammatico
1133 1525 1326 1607 nescioquo
1346 1543 1462 1588 versus

329 1626 368 1687 12
392 1626 420 1688 τί
447 1623 515 1701 δῆτ’
539 1625 601 1688 ἔδει
630 1645 667 1700 με
693 1628 793 1689 ταῦτα
819 1627 858 1688 τὰ
887 1626 977 1705 ςκεύη
1009 1628 1118 1706 φέρειν
1146 1627 1332 1709 explicandi
1365 1646 1463 1690 causa

325 1727 521 1810 adscriptum
545 1745 616 1790 esse
639 1727 836 1792 verisimile
861 1734 916 1792 ost

415 1830 453 1893 Ιιι
478 1851 505 1893 v.
531 1832 594 1893 347
619 1829 678 1893 RV
699 1832 847 1908 χρονίους
869 1831 897 1896 τ’
914 1831 995 1896 ἐτῶν
1017 1835 1164 1896 παλαιῶν
1184 1833 1348 1896 ἐνιαυτοὺς
1372 1853 1463 1916 prae

326 1935 411 1998 bont
435 1933 540 1997 Sobel.
564 1953 627 1997 rec.
652 1934 792 2012 χρονίων
816 1935 900 2016 legit.
937 1933 1001 2010 Qui
1024 1953 1119 1998 casus
1146 1934 1224 1998 ferri
1253 1955 1319 1998 non
1348 1939 1464 2018 potest

326 2037 413 2119 quod
433 2036 670 2100 substantivum
687 2036 769 2099 ἑτῶν
786 2035 848 2099 iam
866 2037 1025 2100 adiectivo
1042 2040 1188 2101 παλαιῶν
1203 2036 1390 2119 praeditum
1408 2045 1463 2102 est

326 2139 440 2221 Neque
463 2139 498 2200 in
521 2139 659 2203 lectione
682 2137 741 2202 RV
765 2139 1035 2221 acquiescendum
1060 2141 1123 2217 est3
1153 2140 1230 2203 latet
1257 2146 1348 2204 corto
1374 2161 1465 2205 men-

326 2242 412 2304 dum.
437 2244 487 2305 Ao
510 2259 551 2304 ne
575 2240 702 2304 chartae
726 2259 785 2304 nos
810 2241 966 2323 misereat,
991 2241 1137 2306 conferas
1156 2240 1253 2305 velim
1272 2243 1466 2307 criticorum

327 2344 567 2409 emendationes
590 2345 626 2405 in
649 2343 813 2424 Blaydesii
842 2343 947 2408 adnot
971 2345 1010 2408 ed
1031 2345 1059 2408 b.
1076 2365 1104 2408 v.
1130 2349 1308 2428 congestas.
1336 2345 1466 2422 Quibus

327 2448 406 2510 duas
418 2447 615 2510 recentiores
627 2445 745 2511 addere
762 2446 852 2510 licet:
874 2449 1023 2525 χρονίους
1037 2447 1064 2510 τ’
1076 2447 1186 2524 ὤμων
1198 2451 1343 2512 παλαιῶν
1360 2451 1466 2512 ἐνιαυ-
1527 2437 1528 2464 ³

325 2552 400 2615 τοὺς
424 2548 580 2630 (Kooirius
596 2550 630 2610 in
646 2548 701 2612 Ra.
719 2547 767 2612 ed.
783 2548 830 2611 IV
850 2551 946 2628 1898)
963 2553 995 2612 et
1010 2550 1158 2628 χρονίους
1174 2549 1200 2612 τ’
1217 2549 1298 2612 ἑτῶν
1315 2553 1466 2614 παλαιῶν

326 2655 539 2730 μελεδώνας
562 2651 813 2734 (Herwerdeuus
837 2653 871 2714 in
894 2652 1013 2716 Mnem.
1038 2652 1117 2715 Nor.
1141 2653 1208 2717 Ser.
1232 2651 1465 2734 ΧΧΧ,1902,

325 2777 355 2839 p.
376 2759 437 2838 51).
463 2754 579 2818 Kocirii
601 2755 657 2818 iiia
680 2755 810 2838 quidem
840 2757 1033 2835 coniectura,
1063 2762 1099 2819 ut
1122 2763 1210 2820 certa
1233 2777 1296 2818 non
1324 2761 1384 2832 est,
1421 2761 1468 2822 sic

327 2858 413 2922 haud
436 2857 534 2922 dubie
557 2859 662 2921 lenior
685 2864 717 2921 et
739 2858 935 2941 probabilior
953 2858 1165 2922 Herwerdeni
1189 2859 1296 2922 altera.

416 2961 453 3024 In
474 2983 502 3024 v.
519 2963 584 3024 494
608 2961 648 3024 ta
672 2980 740 3042 νυν,
765 2960 870 3037 ἐπειδὴ
895 2963 1043 3043 λημοτιᾷς
1066 2962 1230 3040 κάνδρεῖος
1254 2957 1282 3024 εῑ
1303 2965 1467 3046 scriptum

326 3070 375 3130 est
400 3071 548 3148 ληματιᾷς
572 3065 605 3126 in
628 3063 666 3144 R,
689 3063 774 3127 idem
798 3065 831 3126 in
856 3064 894 3144 V,
918 3063 974 3128 sed
998 3085 1045 3142 γρ.
1071 3066 1217 3141 ληματίας
1242 3083 1342 3147 supra
1366 3069 1468 3144 λημα-

325 3173 390 3250 τιᾷς
413 3174 446 3231 et
469 3168 502 3228 in
522 3187 582 3250 mg.
602 3169 748 3249 ληματιᾷς
767 3166 835 3230 ἀντὶ
857 3169 915 3230 τοῦ
941 3169 1019 3243 μέγα
1043 3171 1186 3245 φρονεῖς.
1210 3165 1249 3228 ln
1268 3168 1372 3230 schol.
1392 3168 1467 3232 Aid.

325 3270 457 3352 iegitur:
474 3270 628 3348 γράφεται
644 3271 694 3332 καί
714 3271 870 3351 ληματίας,
887 3270 982 3347 χωρίς
1004 3272 1064 3333 τοῦ
1083 3281 1101 3332 t.
1126 3268 1253 3351 Optimo
1277 3269 1351 3333 iure
1363 3269 1468 3334 Fritr-

326 3373 436 3436 sobius
460 3373 494 3434 in
519 3373 686 3435 comment
711 3391 739 3454 p.
757 3372 822 3433 214
847 3375 969 3435 monet:
994 3370 1138 3447 “Quodsi
1161 3374 1322 3436 sententia
1342 3381 1467 3437 utram-

326 3495 389 3557 que
414 3475 586 3538 iectiouem
609 3473 718 3554 terret,
742 3479 848 3537 tamon
872 3477 1019 3556 ληματιᾷς
1042 3480 1080 3537 ut
1101 3475 1203 3557 magis
1227 3477 1393 3539 comicum
1420 3477 1467 3539 ri-

327 3579 458 3642 deretur
486 3577 686 3660 probandum
711 3577 813 3641 esse”.
843 3576 934 3640 Idem
959 3577 1009 3639 vir
1033 3577 1238 3641 doctissimus
1266 3580 1466 3662 scripturam

327 3683 476 3760 ληματίας
489 3681 620 3744 minime
633 3686 737 3764 aptam
751 3680 842 3743 ducit
852 3680 1052 3763 “propterea,
1065 3681 1152 3763 quod
1163 3681 1312 3744 Bacchus
1330 3702 1466 3765 quoque

327 3785 402 3848 torti
422 3803 492 3848 esse
512 3785 618 3847 animo
637 3784 809 3864 (ληματίας)
829 3782 892 3846 sibi
909 3782 1064 3846 videatur.
1089 3783 1194 3860 Quare
1211 3783 1377 3850 Xanthiae
1398 3785 1467 3848 ani·

326 3907 414 3952 mum
439 3907 539 3951 aeuo
563 3888 665 3969 ipsius
689 3888 733 3949 ita
755 3886 935 3969 distinguit,
966 3892 1003 3949 ut
1027 3905 1158 3950 servum
1187 3885 1273 3950 dicat
1297 3891 1466 3966 ληματιᾶν,

326 3993 433 4054 animo
458 4010 528 4054 esse
556 3991 693 4054 nimium
722 3989 908 4053 confidente
934 4009 972 4053 ac
996 3988 1057 4052 sibi
1085 3989 1316 4072 praefidente'.
1352 3991 1467 4072 Atque

326 4098 413 4159 recta
437 4094 581 4158 Kookius
606 4095 666 4159 hoo
689 4093 824 4158 verbum
848 4092 1101 4156 desideratirum
1125 4093 1173 4156 sic
1202 4094 1310 4156 vertit:
1342 4093 1466 4158 deiuen

326 4199 398 4262 Μαί
421 4200 531 4281 reigen
555 4198 659 4262 wiltst.
684 4195 734 4260 Ad
758 4195 1025 4279 comprobandam
1051 4201 1158 4259 autern
1178 4213 1290 4258 vocem
1309 4198 1466 4278 ληματιᾷν

327 4302 427 4365 multu
449 4302 567 4365 afferre
590 4320 763 4384 possumus
786 4301 883 4363 verba
908 4300 1057 4364 similiter
1071 4299 1214 4378 tonneto,
1231 4317 1257 4360 e.
1273 4317 1301 4380 g.
1319 4304 1465 4376 μαθητιῶ

327 4406 359 4468 in
378 4405 437 4468 Nb.
457 4407 529 4486 183,
554 4405 737 4487 οὐρητιάςῃς
761 4404 795 4466 in
821 4404 880 4486 Vp.
898 4404 972 4484 807,
996 4407 1123 4484 κλαυςιᾷ
1146 4403 1180 4464 in
1196 4401 1242 4464 Pi.
1266 4401 1360 4478 1099,
1377 4405 1466 4480 βινιχ
