3176 5222
395 489 439 551 84
816 490 914 546 Josel
930 490 1104 556 Albanus,

395 665 592 744 ἀθυμότερος
608 667 691 743 πρὸε
706 665 765 728 τὸν
781 663 892 738 ἀγῶνα
908 663 995 743 ἔσται,
1020 660 1090 726 ἀλλ’
1107 661 1300 739 ἑνθνμείεθνι
1320 661 1440 737 πρῶτον
1454 706 1459 718 .
1474 705 1497 718 ..

397 770 438 832 15
458 769 540 833 ἀλλὰ
564 769 625 845 μὴν
643 767 719 830 οὐδὲ
743 765 790 830 olc
814 766 1005 829 δεδίττονται
1027 765 1103 828 τοὺ(
1125 764 1295 841 πολεμίου(
1317 761 1366 824 καὶ
1386 759 1450 838 πρὶν
1466 759 1499 823 alt
1551 789 1552 826 ι

395 875 500 950 χεῖρα(
512 869 614 934 ἐλθεῖν
627 869 869 948 ἐκθειματοῦειν,
882 866 1069 946 ὀρρωθητέα
1080 867 1151 944 ἡμῖν
1163 866 1250 948 tenu,
1266 865 1369 942 dccco
1384 863 1501 940 ἀπείροιι

394 975 545 1052 πολέμου.
577 973 605 1037 τί
628 972 688 1050 γὰρ
713 971 753 1036 ἂν
777 973 965 1048 δυνήεονται
988 971 1095 1033 δεινὸν
1118 967 1303 1046 ἐργάεαεθαι
1326 968 1399 1032 τοὺε
1420 965 1500 1042 cote

395 1079 583 1156 χωροῦντα(
600 1075 630 1138 αἱ
646 1078 765 1153 βαθεῖαι
780 1075 873 1152 κόμαι
889 1072 939 1136 καὶ
954 1073 990 1136 τὸ
1007 1073 1043 1136 ἐν
1056 1075 1123 1136 τοῖς
1138 1069 1272 1149 ὄμμαειν
1287 1068 1393 1134 αὐτῶν
1407 1070 1500 1144 πικρὸν

394 1181 444 1242 καὶ
468 1177 487 1241 ὁ
507 1177 665 1256 βλοεορὸε
681 1180 737 1254 τῆς
753 1175 864 1254 ὄψεως
881 1177 1051 1258 χαρακτήρ,
1071 1177 1104 1240 ul
1122 1195 1157 1240 τε
1175 1177 1214 1251 δὴ
1231 1176 1415 1252 πλημμελεῖ(
1430 1170 1501 1235 αὕτα

394 1281 557 1358 εκιριήεειε
588 1279 638 1342 καλ
666 1280 706 1342 τὰ
737 1268 788 1342 διὰ
819 1281 911 1356 κενῆε
941 1277 1149 1355 ἀναεείεματα
1179 1281 1246 1339 τῶν
1277 1276 1388 1341 ὅπλων
1416 1277 1459 1340 καὶ
1481 1274 1502 1337 οἱ

394 1382 510 1446 πολλοὶ
537 1387 603 1445 τῶν
631 1385 758 1459 θυρεῶν
786 1383 899 1445 κτύποι
926 1381 977 1444 καὶ
1001 1379 1059 1445 dtu
1082 1378 1166 1445 ἄλλα
1193 1379 1256 1443 ὑπὸ
1287 1380 1445 1459 βαρβάρου
1465 1377 1502 1440 aul
1549 1409 1553 1419 ·

396 1484 543 1564 ἄφρονος
570 1483 755 1548 ἀλαζονεία(
782 1484 861 1547 κατά
888 1502 923 1547 τε
950 1484 1079 1562 μορφὰς
1107 1483 1157 1546 καλ
1181 1483 1297 1562 φωνὰ(
1326 1484 1362 1547 ἐν
1384 1482 1502 1546 ἀπειλαῑι
1553 1529 1554 1536 ι

395 1590 556 1666 πολεμίων
572 1592 735 1668 επαθᾶται,
758 1589 827 1653 τίνα
842 1589 992 1666 παρέχειν
1011 1588 1134 1666 πέφυκε
1151 1589 1218 1650 τοῑε
1236 1584 1384 1663 ἀνοήτως
1405 1583 1502 1647 &modu

395 1693 582 1757 πλεονεξίαν
597 1691 616 1768 ἢ
634 1695 699 1755 soit
723 1692 800 1768 μετὰ
823 1692 976 1768 λογιεμοῦ
1000 1688 1088 1768 παρὰ
1109 1690 1149 1751 τὰ
1168 1688 1255 1751 δεινὰ
1275 1687 1381 1751 ἑστῶτι
1399 1687 1502 1765 φόβον;

396 1831 439 1842 -
463 1794 545 1859 Sehr
567 1793 768 1858 ausfiihrlieh
792 1791 947 1856 achildem
969 1791 1082 1857 Livius
1104 1790 1140 1852 in
1164 1789 1254 1853 einer
1272 1785 1503 1853 Feldhennrede

396 1895 454 1960 des
483 1895 539 1959 On.
556 1895 705 1978 Manlius,
734 1895 796 1959 dall
825 1893 877 1959 die
902 1893 1030 1958 Galatea
1059 1897 1139 1956 trote
1168 1892 1256 1956 ihres
1286 1891 1502 1975 kriegerischeu

396 1998 512 2063 Sinnes
535 1997 626 2061 nicht
648 2017 688 2060 zu
711 1996 863 2061 fiirchten
886 1997 985 2076 seiam,
1009 1994 1095 2059 denn
1118 1995 1236 2059 einmul
1259 1995 1344 2059 habe
1366 1995 1443 2060 Rom
1465 1991 1503 2054 die

397 2101 517 2164 Gallier
532 2101 633 2164 schen
650 2101 697 2164 oft
712 2099 844 2181 besiegt,
860 2099 946 2162 danu
961 2099 1040 2163 aber
1054 2099 1135 2162 habe
1151 2097 1257 2162 dieses
1274 2096 1503 2182 kampitdchtige

395 2204 480 2267 Volk
502 2204 547 2266 im
571 2203 859 2268 verweiehlichteu
877 2203 979 2266 Asien
1002 2201 1066 2266 viel
1089 2221 1154 2265 von
1177 2202 1287 2265 seiner
1303 2201 1434 2266 illische
1451 2217 1503 2261 ser·

395 2307 495 2370 loreu.
519 2305 586 2370 Der
602 2314 685 2370 erste
696 2305 764 2369 Teii
777 2304 835 2368 der
846 2303 935 2369 Reda
950 2305 994 2368 ist
1008 2324 1089 2388 ganz
1102 2305 1174 2368 eine
1184 2303 1403 2386 Anwendung
1412 2319 1503 2366 ιιιιεοπ

395 2411 510 2476 τύπου
535 2410 603 2474 Liv.
619 2409 811 2491 xxxam,
829 2410 869 2472 17
895 2428 960 2472 non
979 2428 1031 2472 me
1054 2409 1214 2492 praeterit,
1236 2407 1364 2490 milites,
1384 2407 1503 2471 omniun

396 2531 478 2595 quae
509 2513 619 2577 Asiam
649 2513 797 2576 incolunt
826 2512 972 2595 gentium
997 2511 1104 2575 Gallos
1133 2511 1219 2574 lama
1250 2510 1326 2575 belli
1357 2515 1504 2594 praestare.

395 2616 482 2678 iuter
496 2616 702 2678 mitissimum
718 2634 822 2697 genus
845 2614 1012 2679 hominum
1030 2615 1125 2680 ferox
1147 2615 1235 2678 natio
1254 2617 1424 2698 pervagata
1441 2609 1504 2674 bello

395 2735 494 2800 prope
511 2717 620 2780 orbem
633 2723 791 2780 terrarum
807 2716 916 2780 sedem
933 2717 1026 2800 cepit.
1045 2736 1180 2800 procera
1196 2736 1341 2800 corpora,
1354 2716 1503 2801 promissae

396 2825 428 2884 et
444 2819 592 2883 rutilatae
608 2839 727 2900 comae,
748 2827 836 2884 vaste
851 2823 950 2900 scuta,
969 2821 1134 2902 praelongi
1149 2819 1256 2903 gladii,
1276 2819 1317 2884 ad
1334 2821 1396 2884 hoc
1413 2821 1504 2883 cantus
1553 2819 1554 2852 ι

394 2922 616 2986 inchoantium
636 2922 794 3006 proelium
820 2929 852 2987 et
871 2923 1011 2986 ululatus
1033 2929 1064 2987 et
1089 2922 1238 3006 tiipudia,
1262 2930 1294 2987 et
1313 2921 1504 3006 quatientium
1553 2957 1554 2962 κ

395 3031 487 3090 sonte
497 3026 532 3088 in
542 3026 680 3109 patrium
691 3026 851 3108 quendam
865 3025 996 3090 modum
1008 3027 1189 3091 horrendus
1201 3046 1366 3091 armorum
1378 3026 1504 3108 empitus,

395 3129 503 3192 omnia
524 3129 565 3192 de
587 3127 748 3192 industria
771 3131 947 3212 composita
970 3128 1011 3192 ad
1035 3135 1199 3194 terrorem.
1222 3129 1280 3193 sed
1299 3131 1391 3210 haec,
1409 3126 1503 3212 quibus

395 3231 525 3296 insolita
554 3234 651 3314 atque
680 3232 808 3296 insueta
843 3237 931 3314 sunt,
970 3232 1084 3296 Graeci
1116 3235 1150 3296 et
1178 3233 1327 3316 Phryges
1363 3239 1394 3297 et
1428 3231 1504 3294 Caras

395 3336 544 3399 timeant:
577 3335 727 3399 Romanis
751 3333 866 3398 Gallici
894 3334 1052 3399 tumultus
1075 3335 1218 3400 adsuetis
1246 3337 1343 3400 ctiam
1371 3336 1505 3399 vanitates

395 3441 491 3501 notae
506 3441 589 3499 sunt.
609 3437 707 3500 semel
724 3437 827 3520 primo
843 3457 1019 3521 congressu
1032 3437 1073 3500 ad
1088 3438 1194 3502 Aliam
1207 3455 1261 3502 eos
1282 3437 1358 3502 olim
1375 3437 1506 3518 fugeruut

396 3539 534 3602 maiores
557 3539 674 3618 nost1i;
704 3559 745 3603 ex
770 3559 808 3603 eo
832 3543 974 3623 tempoie
1000 3559 1057 3624 per
1082 3540 1238 3604 ducentos
1260 3541 1325 3604 iam
1350 3559 1445 3606 annos
1463 3555 1505 3620 pe

397 3661 510 3705 corum
532 3643 567 3704 in
590 3641 722 3706 modum
746 3646 967 3707 consternatos
990 3643 1129 3708 caedunt
1151 3644 1344 3727 fugantque3
1366 3647 1397 3708 et
1415 3642 1504 3727 plures

396 3763 496 3828 propo
526 3745 566 3809 de
590 3744 690 3809 Gallis
718 3746 873 3829 triumphi
902 3767 997 3829 quam
1022 3746 1062 3812 de
1086 3751 1151 3812 toto
1175 3747 1253 3811 orbe
1281 3753 1435 3812 terrarum
1456 3741 1503 3806 acti

396 3849 480 3910 sunt
504 3847 568 3910 iam
591 3867 655 3911 usu
674 3847 736 3912 hoo
755 3851 921 3932 cognitum
945 3854 1010 3914 est:
1035 3851 1064 3913 si
1081 3851 1220 3934 primum
1239 3851 1404 3933 impetum,
1425 3861 1502 3930 quen

395 3949 521 4015 fervido
551 3951 681 4034 iugenio
710 3957 743 4016 et
771 3971 866 4016 eaeee
897 3954 946 4016 ira
974 3953 1157 4035 effundunt,
1186 3953 1388 4034 sustinueris,
1416 3951 1502 4014 lluuut

396 4053 515 4118 sudore
539 4059 572 4118 et
599 4053 788 4118 lassitudine
817 4054 968 4136 membra,
993 4055 1102 4120 labant
1124 4075 1225 4135 srma;
1254 4055 1501 4135 montanorum

397 4155 517 4238 molles,
549 4156 604 4219 ubi
627 4157 676 4220 ira
704 4155 858 4240 consedit,
887 4159 1011 4222 animos
1033 4159 1081 4222 sol
1109 4158 1215 4242 pulvis
1239 4157 1317 4240 sitis,
1347 4165 1383 4222 ut
1401 4157 1501 4220 ferrum

396 4277 462 4320 nou
485 4258 664 4340 admoveas,
694 4265 909 4342 prosternunt
940 4280 1006 4324 non
1032 4261 1214 4344 legionibus
1241 4260 1386 4344 legiones
1410 4271 1500 4323 eorum

396 4359 501 4423 solum
524 4363 650 4444 experti
680 4380 801 4446 sumne,
829 4361 887 4427 sed
910 4363 961 4426 vir
984 4383 1070 4428 unus
1093 4383 1166 4429 oum
1195 4365 1264 4427 viro
1288 4355 1500 4446 congrediendo
