3078 5228
359 477 401 540 68
777 482 875 538 Josef
891 482 1064 552 Allienus,

358 663 407 729 καὶ
426 656 561 734 Περ(ῶν
580 659 686 720 καλαῑ(
706 657 756 719 καὶ
780 654 930 734 μεγάλαι(
946 652 1067 732 γυναιξὶ
1091 664 1142 727 καὶ
1164 656 1334 733 παρθένοι(
1357 654 1467 734 δμιλεῑν,

358 761 397 838 μή
419 758 524 836 ὥοπερ
544 757 573 822 οἱ
592 760 778 839 λωτοφάγοι
801 759 1019 836 ἐπιλαθώμεθα
1041 761 1096 836 τῆ(
1119 756 1219 822 οίκαδ’
1241 757 1366 838 δδοῡῑλ

603 963 659 1028 IV.
692 963 766 1029 Das
798 964 963 1028 δυνατόν
991 961 1070 1027 und
1100 962 1240 1046 ῥᾴδιον.

447 1107 515 1173 Dass
539 1113 635 1172 unter
658 1106 763 1171 dieses
785 1105 913 1189 Kapitel
936 1104 1318 1189 Ermunterungsmotive
1343 1108 1470 1188 mannig-

355 1213 499 1278 faehster
513 1213 574 1276 Art
588 1211 740 1296 gehbmn,
752 1210 864 1292 zeigon
878 1209 930 1274 die
942 1209 1158 1288 Theoretiker,
1170 1207 1350 1273 besonders
1362 1209 1471 1291 Syn'an,

356 1315 414 1379 der
425 1315 498 1379 eine
507 1313 626 1396 Menge
640 1332 702 1377 von
716 1311 1092 1395 Beweismssgliohkeiten
1105 1311 1251 1375 anfiihrt:
1269 1311 1302 1374 Π
1316 1331 1345 1394 p.
1359 1313 1469 1392 181,11

355 1415 444 1482 Rabe
467 1417 486 1494 ἡ
511 1419 547 1480 δέ
569 1419 627 1480 τοῦ
656 1418 797 1479 δυνατοῦ
826 1414 959 1479 ἐξέταει(
982 1465 988 1478 .
1009 1465 1015 1478 .
1035 1465 1042 1479 .
1066 1417 1231 1488 γενήεεται
1255 1463 1261 1477 .
1282 1463 1288 1476 .
1310 1463 1316 1476 .
1342 1413 1403 1478 ἀπὸ
1425 1417 1472 1492 μέν

356 1524 472 1602 ψυχῆε,
500 1519 644 1597 εὐορκία(
674 1518 842 1600 ἐπιορκίαε,
870 1519 1000 1582 πίετεω(
1028 1517 1165 1582 ἀπιετίυ(
1192 1517 1320 1582 εὐνοία(
1349 1517 1472 1598 φθόνου,

356 1623 589 1701 μεγαλοψυχία(
614 1620 874 1702 φιλοχρηματία(,
894 1620 1050 1699 ἐμπειρία(
1071 1620 1210 1699 ἀπειρία(
1229 1617 1280 1683 καὶ
1298 1625 1367 1684 τῶν
1382 1619 1473 1684 τοιοθ

354 1746 428 1806 των,
449 1725 552 1789 onim
572 1728 677 1802 ψυχῆ(
695 1724 755 1788 ἐττι
772 1724 866 1802 πάθη.
886 1723 950 1786 ἀπὸ
967 1726 1003 1787 δέ
1019 1723 1174 1804 εώματο(,
1191 1722 1300 1801 ῥώμη(
1318 1723 1474 1800 ἀ(θενείατ,

355 1827 472 1894 εὐεξία(
489 1829 633 1906 καχεξία(
648 1824 698 1889 καί
713 1832 780 1890 τιῐιν
794 1825 958 1890 τοιούτων.
975 1824 1039 1889 ἀπὸ
1059 1829 1095 1890 δέ
1112 1830 1179 1891 τῶν
1197 1825 1296 1907 έκτδε,
1317 1827 1473 1904 χρημάτων

354 1933 469 2012 φίλων,
498 1932 700 2007 (τρατιωτῶν
725 1927 836 1992 ὅπλων
861 1928 1041 2008 (υμμάχων,
1064 1929 1202 2006 τριήρων
1229 1929 1350 2010 ἵππων,
1377 1929 1473 1992 τόπων

353 2035 497 2115 λιμένων,
516 2027 634 2109 καιρῶν
652 2033 748 2111 τύχη(
767 2081 774 2094 .
792 2081 798 2093 .
815 2081 822 2093 .
842 2030 906 2096 ἀπὸ
924 2033 984 2110 γὰρ
1002 2036 1069 2095 τῶν
1084 2031 1275 2109 προεὸντων
1291 2032 1366 2110 ἡμῖν
1381 2031 1475 2094 αθτοῑ(

354 2136 456 2213 ἢτοῑ(
475 2135 628 2198 ἐναντίοι(
646 2134 665 2212 ἢ
684 2135 815 2199 πάντων
834 2135 899 2214 ἅμα
917 2137 936 2214 ἢ
954 2139 1051 2200 τινῶν
1073 2136 1240 2214 ληψόμεθα
1258 2139 1318 2212 τὴν
1338 2136 1474 2212 εὐπορίαν

353 2237 396 2302 εἰ(
407 2240 465 2314 τὴν
477 2240 536 2301 τοῦ
547 2240 688 2302 δυνατοῦ
699 2240 899 2316 κοτατκευήν.
979 2237 1245 2316 ὑποδιαιρήτομεν
1255 2240 1340 2302 δὲτὸ
1350 2239 1475 2302 δυνατὸν
1533 2265 1534 2272 1

353 2344 484 2419 πρῶτον
512 2343 579 2420 μέν,
610 2338 668 2404 ἐὰν
695 2339 828 2422 ἐγχωρῇ,
855 2345 901 2422 τῷ
930 2342 970 2419 μή
995 2341 1133 2419 χαλεπὸν
1161 2335 1246 2420 εἶναι,
1271 2341 1380 2406 ἔπειτα
1397 2346 1438 2422 τῷ
1455 2339 1476 2402 εί

352 2440 403 2506 καὶ
433 2443 574 2521 χαλεπὸν
605 2441 649 2518 είη
681 2441 747 2506 ἀλλ’
779 2441 838 2505 οὖν
869 2441 1048 2522 ἀναγκαῖον,
1079 2439 1131 2505 καὶ
1160 2440 1208 2505 ὅτι
1238 2445 1284 2506 δεῖ
1311 2443 1393 2520 ὑπὲρ
1420 2445 1476 2505 τῶν
1533 2429 1534 2438 ’

353 2549 498 2625 χρη(τιδν
528 2545 578 2607 καὶ
607 2544 729 2609 πόνου(
763 2549 813 2610 καὶ
844 2546 1011 2609 κινδύνου(
1041 2545 1219 2626 ὑπομένειν,
1247 2543 1297 2609 καὶ
1331 2546 1378 2609 ὅτι
1407 2545 1477 2620 ὑπὲρ

352 2651 411 2712 τοῦ
442 2650 482 2726 μή
512 2647 744 2726 χαλεπωτέρω(
766 2650 939 2726 περιπετείν
962 2647 1165 2726 ἀναληπτέον
1188 2651 1253 2711 τῶν
1277 2648 1476 2725 πραγμάτων.

353 2751 426 2815 Den
453 2749 684 2814 wesentlichen
712 2749 931 2814 Unierschied
959 2749 1122 2814 zwisehen
1150 2749 1224 2814 dem
1250 2752 1397 2816 δυνατόν
1420 2745 1478 2812 und

354 2853 428 2918 dem
457 2853 568 2936 ῥᾴδιον
596 2851 761 2916 bestimmt
786 2853 902 2934 Syrian
930 2871 959 2935 p.
983 2853 1055 2934 182,
1077 2853 1119 2915 26
1148 2871 1199 2916 so:
1229 2854 1280 2916 ἐπὶ
1304 2857 1342 2918 δέ
1364 2855 1478 2918 τούτω(
1532 2935 1533 2944 ¹

354 2956 590 3021 καταεκευάζειν
616 2958 675 3035 χρὴ
701 2957 751 3019 καὶ
778 2958 816 3020 τὸ
842 2953 971 3038 ῥᾴδιον·
997 2954 1121 3034 οὔέηο(
1143 2957 1203 3033 γὰρ
1223 2959 1284 3020 τοῦ
1306 2953 1479 3029 δυνατοῡὴ
1532 2955 1533 3032 ζ

353 3051 417 3124 τοῦ
437 3057 552 3141 ῥᾳσου
581 3057 744 3124 ἀπόδειξι(

448 3263 467 3332 ¹)
486 3263 526 3316 Zu
545 3262 697 3317 bomerken
715 3263 761 3328 isi,
779 3261 832 3316 wie
845 3262 892 3316 hie
911 3263 969 3316 und
988 3261 1024 3316 da
1043 3262 1094 3317 das
1107 3262 1195 3317 Moliv
1212 3261 1263 3317 des
1276 3263 1480 3333 Kampipreises

354 3349 428 3404 nach
441 3349 491 3402 Art
503 3347 553 3402 des
566 3348 651 3411 λόγο(
664 3347 900 3414 ἐ(χηματι(μένοε
912 3346 980 3402 oder
999 3363 1092 3402 sermo
1105 3348 1240 3417 figuratus
1259 3349 1428 3418 ausgeffihrt
1443 3348 1480 3402 isi

355 3435 410 3489 Der
423 3432 557 3487 Feldherr
566 3431 625 3486 lasst
638 3432 694 3486 den
705 3432 878 3502 Siegespreis
898 3449 931 3486 το
943 3432 1040 3502 garing
1058 3433 1127 3488 oder
1140 3433 1184 3488 die
1203 3433 1379 3488 feindlichen
1393 3433 1481 3488 Κιλίίε

355 3535 387 3573 so
406 3517 614 3586 minderweriig
633 3517 807 3582 erscheinen‚
827 3517 882 3571 dass
895 3534 926 3572 es
939 3517 1000 3572 sich
1013 3517 1134 3572 beinahe
1148 3519 1198 3574 der
1210 3519 1293 3574 Miihe
1306 3519 1389 3574 nicht
1401 3518 1482 3577 lohni.

356 3603 411 3657 den
429 3603 492 3670 Sieg
511 3617 546 3656 zu
569 3600 706 3670 eitingen.
737 3603 802 3655 Dies
822 3602 1002 3658 Kunstmiiiel
1027 3603 1077 3657 hat
1095 3603 1190 3659 Livius
1216 3605 1246 3659 in
1265 3605 1315 3658 der
1335 3605 1415 3658 Reda
1438 3604 1483 3656 des
1531 3653 1532 3656 ,

356 3687 450 3756 Scipio
468 3702 520 3740 vor
539 3686 589 3741 der
607 3685 739 3750 Schlacht
759 3704 805 3741 am
818 3687 931 3742 Ticinus
951 3689 1135 3758 angewandt:
1154 3689 1281 3758 xiiiio,
1296 3691 1332 3744 10
1352 3689 1482 3760 reliquias
1531 3677 1532 3698 ¹

357 3776 498 3826 extremas
515 3771 648 3838 hostium,
671 3787 729 3826 non
747 3772 857 3827 hostem
876 3772 995 3828 habetis.
1015 3789 1050 3828 ac
1068 3774 1139 3828 nihil
1157 3775 1247 3844 magis
1266 3790 1380 3842 vereor,
1404 3789 1482 3844 quam

355 3873 400 3924 ne,
420 3872 472 3910 vos
485 3871 549 3910 cum
568 3857 767 3926 pugnaveritis,
786 3857 870 3928 Alpes
883 3858 987 3912 vicisse
999 3858 1184 3914 Hannibalem
1203 3859 1364 3914 videantur.
1385 3858 1435 3913 sed
1447 3859 1482 3910 ita

356 3943 476 3998 forsitan
495 3942 596 4009 decuit,
615 3960 680 3998 eum
699 3943 845 3998 foederum
864 3949 977 4013 ruptore
997 3943 1068 3999 duce
1082 3959 1116 3998 ac
1129 3945 1232 4013 populo
1245 3943 1315 3999 deos
1332 3944 1414 4014 ipsos
1426 3943 1483 3998 sine

357 4027 415 4081 ulla
432 4027 557 4082 humana
576 4044 629 4098 ope
648 4028 821 4082 committere
841 4043 875 4082 ac
888 4028 1035 4097 profligare
1054 4028 1166 4096 bellurn,
1186 4044 1248 4096 nos,
1267 4027 1315 4098 qui
1329 4027 1483 4083 secundum

357 4115 426 4168 deos
449 4113 547 4168 violati
572 4129 676 4179 summ,
701 4116 884 4170 commissum
904 4125 942 4170 'ac
961 4116 1136 4186 profligatum
1156 4116 1304 4171 conficere.
1334 4117 1416 4172 Auch
1435 4113 1483 4169 Oc·

357 4199 455 4254 tavian
474 4199 518 4252 bei
537 4197 615 4252 Cass,
630 4198 682 4252 Dio
698 4200 727 4264 L,
743 4200 786 4268 28,
805 4201 836 4254 6:
857 4201 981 4264 ἐγὼμὲν
999 4200 1044 4254 καί
1062 4199 1227 4267 οίεχίινομοι
1247 4203 1290 4254 δτι
1303 4205 1380 4267 πρὸ(
1393 4199 1484 4253 tomi

356 4299 426 4338 του(
444 4283 617 4349 ἀνθρώπου(
637 4283 821 4347 ἀγωνίζετθαι
842 4285 988 4352 μέλλομεν,
1008 4285 1114 4340 ὤνκαὶ
1134 4288 1320 4354 κρατήωντε(
1340 4285 1484 4340 οὺιτεὺδο-

357 4369 511 4435 κιμήεομεν
530 4367 574 4422 καὶ
589 4369 757 4436 ἡττηθέντε(
776 4371 1017 4442 δεχημονήεομεν.
