3058 5222
237 540 424 609 Quaestiones
443 540 559 596 criticae
578 540 609 595 in
626 539 823 610 Aristophanis
841 539 961 596 fabulas.
1102 533 1164 596 227

54 713 122 777 Cum
139 714 282 796 Iuppiter
303 713 393 778 nulla
409 713 445 776 in
462 711 572 776 fabula
589 716 699 776 nostra
717 712 760 775 sit
776 731 922 795 persona,
944 711 1085 776 dubitari
1106 731 1174 775 non

53 822 149 900 potest
173 817 253 899 quin
275 815 324 880 illi
346 819 426 881 τινὲε
446 815 526 880 haec
548 815 647 880 verba
664 814 744 879 falso
763 815 835 878 lovi
853 813 1032 879 tribuerint.
1056 818 1172 898 Atque

54 919 213 984 laudacie
236 939 278 982 an
302 919 381 984 haec
405 917 566 982 adnotatio
589 917 666 982 inde
691 919 848 1000 originem
871 917 1010 1000 duxerit,
1027 917 1118 1000 quod
1138 919 1172 980 in

52 1043 152 1086 scaena
181 1021 279 1086 simili
307 1021 437 1085 alterius
460 1021 563 1104 Pacis
587 1041 651 1104 qua
673 1025 843 1086 retractata
866 1027 1008 1084 nostram
1025 1020 1172 1085 fabulam

51 1133 139 1188 ortam
162 1144 233 1190 esse
255 1123 310 1188 Th.
326 1124 490 1207 Zielinsky
514 1125 550 1187 in
578 1124 660 1188 libro
683 1143 751 1204 suo,
776 1125 830 1206 qui
855 1124 1057 1188 inscribitur:
1084 1123 1171 1188 “Dic

50 1229 235 1311 Gliederung
262 1227 321 1292 der
348 1227 549 1291 altattischen
579 1225 768 1310 Komddie”,
797 1247 827 1310 p.
848 1228 889 1290 63
903 1246 970 1310 sqq.
999 1225 1171 1292 ostendere

50 1334 170 1396 conatus
194 1336 250 1414 est
267 1331 337 1394 lovi
360 1335 465 1415 partes
484 1329 566 1395 Belli
589 1331 680 1395 datae
703 1333 803 1395 amnt.
827 1329 874 1394 cf.
899 1332 995 1395 etiam
1018 1330 1171 1394 Herwer-

50 1435 156 1499 denum
185 1436 219 1498 in
247 1434 444 1518 praefatione
473 1432 623 1499 editionis
646 1453 724 1498 suae
747 1455 776 1516 p.
793 1433 843 1498 XI
867 1434 1025 1498 deversa
1050 1438 1170 1497 nostro.

125 1539 164 1602 ln
187 1558 216 1601 v.
234 1540 297 1601 317
318 1539 359 1614 ἢν
380 1537 462 1604 ἅπαξ
486 1536 518 1601 ἐι
542 1540 649 1615 χεῖρα(
669 1537 745 1620 ἔλθῃ
763 1538 819 1600 τὰς
838 1537 922 1613 ἐμάς.
947 1535 996 1600 ἰοὺ
1016 1538 1065 1600 ἰοὺ
1086 1535 1156 1617 (RV

48 1641 117 1704 illud
140 1642 189 1705 ἰοὺ
214 1643 263 1705 ἰοὺ
287 1641 384 1704 choro
404 1639 587 1704 tn'buerunt
609 1638 676 1703 RV.
701 1639 828 1703 Scholia
856 1637 914 1702 RV
938 1640 1104 1722 praebent:
1129 1641 1169 1701 τὸ

47 1743 88 1807 ἰοὺ
106 1745 152 1808 ἰού
171 1764 251 1808 τινε(
274 1747 333 1807 τοῦ
357 1745 457 1822 χοροῦ
477 1744 571 1822 φαεὶν
591 1737 665 1807 εἶναι
684 1739 772 1824 (εἶναι
792 1762 853 1805 om.
869 1741 897 1805 R
913 1761 976 1806 sec.
1000 1741 1167 1822 liutheri).

47 1845 107 1910 Hae
125 1847 365 1910 interiectiones
383 1847 448 1908 tam
465 1850 541 1908 sunt
556 1844 733 1908 dolentium
750 1865 845 1928 quam
863 1845 1087 1910 exultantium.
1104 1843 1169 1908 Do-

45 1947 175 2012 lentibus
198 1950 225 2013 si
250 1948 446 2029 tribuuntur,
472 1947 531 2030 iod,
555 1949 606 2010 sin
630 1947 859 2029 exultantibus
884 1947 935 2012 λοῦ
960 1946 1168 2012 scribendum

45 2071 106 2115 esse
124 2051 245 2116 scholia
269 2051 366 2114 stulte
385 2050 545 2114 adnotant
581 2049 676 2114 Haud
700 2049 799 2133 igitur
820 2051 938 2113 mirum
962 2055 1011 2114 est
1033 2049 1074 2113 ab
1098 2050 1169 2112 aliis

44 2153 186 2238 ltygaeo,
216 2153 256 2218 ab
284 2153 356 2218 aliis
383 2153 481 2217 choro
510 2153 663 2216 t1ibntam
691 2172 762 2216 esse
786 2153 868 2217 hanc
893 2153 1168 2217 exclamationem.

45 2255 137 2332 Quam
154 2257 225 2339 RV,
244 2258 299 2340 qui
320 2257 369 2322 ἰοὺ
390 2257 439 2320 ἰοὺ
456 2255 618 2338 exhibent
637 2257 708 2320 iure
725 2256 823 2320 choro
840 2256 1000 2321 exultanti
1015 2254 1168 2320 tribuisse

44 2379 77 2422 ex
104 2379 199 2424 versu
224 2361 289 2422 345
314 2359 468 2441 sequitur.
502 2358 553 2421 Ad
581 2359 658 2422 istas
683 2359 770 2422 enim
794 2359 885 2422 chori
908 2358 1168 2439 exclamationes,

43 2463 152 2544 <imbus
175 2463 330 2528 laetitiam
353 2481 446 2526 suam
469 2460 617 2544 ostendit,
635 2461 772 2544 Trygaei
795 2461 893 2525 verba
916 2461 949 2524 in
973 2461 1027 2525 illo
1052 2479 1166 2525 vassu:

42 2566 147 2630 ἐξὲεται
170 2565 242 2630 τόθ’
262 2566 331 2643 ὑμῖν
356 2602 398 2611 -
423 2565 473 2628 λοῦ
499 2565 548 2629 too
573 2565 753 2644 κεκραγέναι
776 2565 962 2648 respiciunt.

124 2669 159 2732 V.
178 2670 244 2732 536
269 2667 365 2751 vulgo
389 2667 437 2731 sic
460 2667 592 2751 legitur:
613 2667 733 2731 κόλπου
754 2671 912 2742 γυναικῶν
932 2671 1168 2746 διατρεχουεῶν

40 2770 77 2834 εἰ(
105 2771 214 2850 ἀγρόν.
245 2769 350 2835 Schol.
373 2769 404 2830 V
429 2769 668 2834 animadvertit:
699 2769 852 2848 γράφεται
881 2770 923 2834 εἰ(
951 2771 1055 2836 ἰπνὸν.
1096 2773 1167 2850 Qua

40 2873 121 2936 varia
144 2875 306 2957 scriptura
335 2875 367 2938 et
394 2873 492 2936 schol.
517 2872 745 2956 explicatione:
779 2872 844 2937 ἐπεὶ
872 2873 950 2937 ὅταν
974 2878 1058 2939 πολὺ
1083 2881 1167 2941 croit

39 2979 205 3058 κομίζωαν,
235 2976 344 3051 ὀλίγον
368 2996 395 3040 τι
419 2977 619 3041 κολπώεαιαι
646 2978 704 3039 τοῦ
733 2981 866 3054 χιτῶνος
891 2977 926 3040 ἑκ
948 2983 1166 3057 περιζώματα(

38 3077 93 3142 ἐκεῖ
111 3079 279 3144 ἐνιιθὲααν
300 3078 443 3143 Koclxius
463 3077 618 3161 pellectus
638 3081 695 3160 est
720 3081 757 3141 ut
772 3079 891 3143 κόλπου
906 3085 1065 3154 γυναικῶν
1082 3085 1166 3146 croit

38 3187 202 3260 φερουεών
227 3181 270 3247 εἰ(
296 3183 389 3246 λπνὸν
414 3181 585 3246 coniceret
609 3180 700 3245 Haeo
724 3182 868 3262 mutatio,
891 3186 929 3245 ut
946 3183 1114 3265 ingeniosa
1133 3187 1166 3248 et

37 3285 175 3364 speciosa
200 3289 250 3348 est
272 3285 411 3368 reposito
435 3283 635 3348 substantivo
659 3288 741 3348 εταῑε
766 3284 819 3366 (de
843 3304 907 3366 quo
932 3285 972 3349 cf.
992 3286 1024 3349 Z.
1044 3288 1099 3351 Ar.
1120 3287 1164 3352 st.

36 3403 61 3466 p.
77 3391 117 3450 94
137 3387 178 3450 ad
200 3386 258 3470 Eq.
276 3389 361 3469 539),
385 3388 433 3451 sic
452 3390 538 3451 certe
557 3407 671 3470 parum
689 3386 864 3470 probabilis
884 3387 1020 3470 videtur,
1045 3391 1164 3474 quippe

36 3507 113 3569 quoe
141 3491 243 3554 nimis
270 3489 378 3554 audax
405 3491 455 3554 sit
483 3490 551 3554 Alii
575 3490 679 3554 critici
704 3491 738 3552 in
758 3490 879 3555 κόλπου
904 3509 974 3555 sese
998 3493 1164 3558 offendere

34 3593 163 3672 professi
195 3593 278 3658 hano
306 3612 418 3657 vocem
445 3593 534 3656 vario
562 3592 657 3656 modo
688 3593 722 3655 in
747 3595 878 3676 κτύπου,
908 3597 1026 3676 κώμου,
1052 3594 1163 3677 όχλου,

33 3694 138 3776 πόκου,
159 3696 286 3774 κόπρου
308 3696 480 3759 emendare
500 3699 532 3760 et
549 3698 673 3760 mutate
691 3695 870 3760 voluerunt
888 3696 952 3761 Sed
968 3717 1009 3762 ne
1027 3698 1076 3762 his
1092 3700 1165 3781 qui-

33 3794 99 3860 dem
116 3798 365 3862 medicamentis
381 3819 461 3882 opus
478 3801 539 3878 θοός
552 3818 706 3881 ,namque
722 3799 922 3882 aptissimam
940 3800 1073 3884 praebet
1091 3821 1165 3865 sen-

31 3902 160 3964 tentiam
184 3900 316 3984 vulgata
339 3901 435 3966 lectio
455 3923 473 3964 a
492 3901 640 3966 Mazonio
657 3921 764 3986 nuper
782 3903 816 3964 in
835 3903 940 3968 adnot
960 3903 1001 3966 ad
1019 3904 1049 3970 h.
1065 3925 1094 3968 v.
1114 3906 1163 3968 sic

31 3999 107 4066 bene
130 4003 305 4067 illusttata:
331 4003 398 4068 “Le
421 4007 500 4068 vent
517 4005 557 4068 de
575 4004 607 4067 la
625 4023 740 4068 course
764 4004 823 4068 fait
845 4006 979 4090 plaquer
1001 4026 1058 4071 sur
1075 4007 1163 4072 letus

30 4106 185 4186 poit1ines
204 4105 292 4170 leurs
312 4107 406 4171 robes
424 4107 555 4190 legeres,
575 4127 639 4170 eux
659 4125 749 4188 yeux
767 4107 889 4189 grivois
909 4109 952 4171 du
970 4109 1125 4192 vigneron
1144 4115 1162 4173 a

31 4209 134 4272 moitie
151 4209 254 4272 ivre”.
278 4208 394 4291 Neque
414 4209 555 4273 alienum
575 4211 624 4273 est
639 4209 694 4272 Ec.
712 4210 775 4272 963
785 4228 852 4292 sqq.
869 4213 965 4291 φίλον
987 4213 1048 4291 γὰρ
1065 4213 1160 4295 ἐντῷ

30 4317 69 4392 oia
88 4315 242 4391 βούλομαι
261 4313 373 4397 κόλπῳ
388 4315 602 4391 πληκτίζεεθαι
618 4315 693 4390 μετὰ
707 4317 763 4390 τῆς
780 4318 834 4392 tric
849 4318 950 4391 πυγῆς
968 4334 1163 4397 comparare,

30 4412 141 4494 quibus
162 4413 299 4479 verbum
319 4415 439 4480 κόλποι
458 4415 567 4478 nostro
583 4414 653 4478 loco
669 4433 735 4479 non
751 4416 897 4499 ineptum
913 4435 983 4480 esse
1000 4416 1162 4480 docemur.

1001 4541 1050 4594 15*
