3084 5228
255 459 442 529 Quaestionos
462 458 576 514 criticae
595 458 625 513 in
644 459 840 530 Aristophanis
860 461 979 518 labulaa.
1141 461 1181 524 97

60 643 103 700 est
124 641 233 700 noster
258 655 296 715 v.‚
319 632 508 716 particulam
531 632 609 696 ἀλλὰ
633 651 727 714 quam
753 633 813 697 οὖν
836 653 963 716 ponere.
992 635 1040 699 (lt.
1059 641 1185 719 praeter

59 739 151 806 multa
175 737 238 802 ah’a
257 736 406 817 exempla
424 739 484 800 Av.
502 737 566 798 352
591 736 673 799 ἀλλὰ
696 738 736 813 μή
757 738 919 816 μέλλωμεν
938 738 998 817 ἢδη
1023 742 1056 802 et
1074 746 1183 806 nostro

60 843 122 906 loco
138 841 273 906 similem
292 839 351 922 Vp.
364 841 430 902 453
447 840 525 902 ἀλλὰ
541 839 664 902 τούτων
680 842 736 917 μέν
751 839 820 918 τάχ’
837 840 910 918 ἡμῖν
927 842 1066 906 δώςετον
1083 845 1184 920 καλὴν

62 950 147 1024 δίκην.
172 945 298 1022 Quibus
314 944 421 1008 causis
437 961 648 1024 commoveor,
668 949 705 1006 ut
719 947 821 1006 totum
838 963 865 1005 v.
884 945 948 1008 336
968 946 1001 1008 in
1018 945 1183 1020 codicibus

61 1049 235 1112 foedissime
254 1047 480 1130 interpolatum
505 1064 575 1109 esse
595 1064 752 1111 censeam.
779 1045 893 1128 Neque
912 1046 1023 1112 dubito
1047 1049 1088 1111 ad
1106 1049 1184 1112 Por-

62 1171 166 1214 souum
188 1170 239 1215 me
258 1149 428 1233 applicare,
453 1167 527 1212 cum
546 1167 611 1212 non
629 1148 772 1227 habeam,
797 1169 856 1213 our
878 1150 1003 1214 ineius
1026 1153 1184 1234 scriptura

62 1254 223 1318 offendam.

140 1359 179 1420 V.
203 1359 267 1421 740
296 1357 329 1420 in
354 1356 413 1419 RV
435 1357 483 1418 sic
504 1356 636 1438 legitur:
666 1355 789 1420 νάπαιςι
817 1360 984 1437 κορυφαῖςῖ
1003 1359 1029 1422 τ’
1053 1361 1095 1442 (V
1118 1379 1181 1426 sec.

62 1461 167 1542 Horra,
178 1480 245 1524 non
261 1463 382 1539 -φαῑςίν
399 1459 435 1541 τ’,
451 1465 488 1522 ut
503 1458 694 1540 Blaydesius
711 1459 885 1542 adnotavit)
904 1461 938 1524 έν
955 1461 1079 1538 ὀρεῖαις.
1091 1463 1182 1528 Idem

63 1564 166 1628 Suidas
190 1583 213 1628 s
230 1585 259 1627 v.
285 1566 406 1641 ςτροφή
423 1561 563 1644 protulit,
582 1562 644 1625 nisi
664 1549 748 1644 quod
768 1569 922 1643 κορυφαῖς
942 1585 998 1647 pro
1018 1569 1182 1645 κορυφαῖς(

63 1667 194 1732 traditur.
218 1666 267 1730 Ad
285 1667 372 1730 huuc
386 1665 494 1730 locum
514 1666 693 1729 sanandum
713 1686 793 1749 opus
809 1672 859 1730 est
877 1686 1004 1732 versum
1023 1670 1086 1732 772
1107 1689 1183 1734 oon-

63 1771 199 1853 siderare‚
224 1771 278 1835 oui
298 1790 327 1833 v.
347 1773 457 1833 noster
479 1769 659 1852 respondet.
685 1769 722 1831 V.
741 1771 804 1833 772
829 1771 876 1834 sic
901 1771 1087 1835 exhibetur:
1112 1793 1182 1838 πτε-

65 1877 121 1948 ροῖς
138 1875 301 1951 κρέκοντες
317 1873 409 1949 ἴαχον
426 1871 465 1950 (Β
481 1871 543 1952 alii,
562 1872 672 1949 ἴακχον
690 1871 956 1952 vulnerentur.
981 1871 1182 1957 Quamquam

65 1973 180 2039 Ellendt
196 1977 231 2038 in
249 1975 357 2039 lexico
374 1973 550 2056 Sophocleo
575 1992 598 2036 s.
614 1993 643 2036 v.
662 1973 743 2052 ἴαχω
762 1973 898 2038 formam
917 1975 1010 2054 ἴᾰχον
1030 1976 1182 2059 defendit,

65 2084 157 2142 tamen
177 2078 315 2142 editores
333 2079 403 2140 iure
427 2077 538 2154 ἴακχον
561 2076 595 2138 in
619 2081 744 2140 textum
762 2084 961 2160 receperunt.
989 2079 1071 2142 Nam
1088 2080 1181 2159 ἴαχον

65 2199 119 2243 vox
135 2187 180 2245 est
195 2181 285 2264 epioa
297 2181 349 2260 (cl.
362 2179 398 2242 G.
412 2179 596 2243 Schulzium
612 2179 646 2242 in
659 2177 722 2243 KZ.
735 2179 862 2260 XXIX,
876 2183 972 2262 1888,
985 2201 1013 2264 p.
1026 2183 1180 2248 230-49

64 2283 262 2366 eiusdemque
286 2281 496 2359 Quaestiones
520 2281 636 2364 Epicas
659 2303 687 2365 p.
705 2284 797 2363 490),
823 2302 887 2365 qua
912 2286 1011 2349 Attici
1037 2286 1088 2348 usi
1116 2307 1179 2350 non

64 2393 130 2448 sunt
150 2387 210 2450 nisi
239 2387 279 2450 iis
307 2387 398 2466 tocie,
423 2385 478 2450 ubi
502 2385 675 2449 dictionem
703 2385 827 2468 epicam
853 2387 971 2450 imitari
1000 2387 1181 2471 voluerunt,

65 2488 141 2550 velut
156 2489 385 2571 Aristophanes
402 2489 435 2550 in
455 2487 512 2570 sq.
529 2507 558 2550 v.
579 2487 763 2552 hexametro
783 2489 868 2552 1016
888 2489 979 2566 ἴαχεν
1000 2489 1032 2555 ἐξ
1049 2491 1180 2559 ἀδύτοιο

64 2595 116 2653 κτλ
134 2589 255 2670 Ἴακχον
275 2597 387 2654 contra
405 2590 508 2654 torma
531 2596 580 2654 est
598 2610 616 2654 e
636 2590 725 2654 cultu
748 2591 857 2655 Iacchi
880 2595 955 2655 nata
978 2593 1029 2674 (of.
1049 2593 1179 2658 Suidam

59 2693 167 2771 Ἴακχος
189 2695 250 2758 οὖν
275 2697 362 2770 παρὰ
378 2697 415 2757 τὸ
441 2693 537 2772 ἴάκχω
562 2712 585 2757 S.
608 2714 636 2755 ν.
659 2693 778 2771 Ἴακχος
801 2693 842 2776 gl.
866 2695 914 2774 2.).
940 2695 1047 2760 Verbo
1070 2696 1181 2776 ἴακχον

64 2795 150 2877 igitur
159 2799 285 2860 servato
297 2817 326 2859 v.
341 2797 404 2860 772
421 2800 546 2873 πτεροῖς
559 2797 722 2875 κρέκοντες
739 2797 849 2876 ἴακχον
862 2798 1004 2863 Ἀπόλλω
1016 2799 1180 2864 trimetros

64 2897 254 2978 logaoedicus
271 2903 326 2962 est
350 2901 418 2964 Iam
435 2899 475 2962 ad
495 2920 522 2962 ν.
541 2901 605 2963 740
622 2900 854 2982 aggrediamur.
879 2900 981 2977 Quem
999 2901 1180 2967 Moinehius

64 2999 95 3063 (ἴ.
113 3001 294 3066 Hemranno
321 3005 452 3067 auctore
480 3003 635 3085 particula
662 3023 695 3066 τε
718 3010 791 3085 post
813 3005 934 3069 νάπαιςι
959 3006 1079 3068 inserta
1107 3011 1180 3070 etv

64 3105 267 3187 epheloystico
287 3106 357 3170 voci
376 3106 540 3183 κορυφαῑςί
563 3104 671 3167 addito
695 3106 743 3169 sic
765 3106 909 3189 scripsit:
930 3107 1052 3172 νάπαιςί
1075 3128 1108 3171 τε
1128 3129 1180 3171 κο-

65 3211 195 3286 ρυφαῑςῖν
211 3209 238 3273 τ’
258 3211 294 3272 ἐν
318 3209 443 3289 ὀρείαις,
464 3211 499 3271 ut
517 3207 677 3272 tribracho
694 3209 727 3270 in
744 3207 875 3290 syllabis
895 3210 920 3273 ςί
938 3230 972 3273 τε
988 3230 1025 3273 κο
1042 3210 1179 3274 admisso

65 3313 191 3375 numeris
210 3333 237 3375 v.
252 3315 269 3375 7
276 3313 316 3374 12
336 3311 605 3376 accomodaretur.
628 3311 741 3393 Itaque
761 3331 835 3375 curn
853 3318 989 3376 metrum
1010 3314 1178 3396 utriusque

65 3429 162 3478 versus
177 3415 259 3479 bene
280 3434 315 3478 se
330 3414 452 3496 habeat
472 3415 632 3478 neminem
653 3414 714 3477 ianr
732 3433 839 3496 neque
852 3414 990 3498 Berghio
1007 3417 1129 3480 νάπαιςί
1146 3438 1179 3482 τε

64 3519 103 3579 καὶ
120 3523 270 3598 κορυφαῖς
294 3518 328 3582 ἐν
348 3517 461 3595 ὀρείαις
483 3515 792 3599 ιιοιχυο1’τῖλτοοῖιῖο,
811 3518 988 3599 Diodordio‚
1009 3519 1178 3600 Blaydesio

65 3620 169 3686 νάπαιςι
181 3625 230 3685 καὶ
243 3626 401 3701 κορυφαῖς
410 3623 445 3685 έν
456 3621 570 3698 ὀρείαις
583 3621 799 3686 scribentibus
811 3622 998 3704 plansurum
1012 3642 1081 3687 osse
1091 3631 1178 3706 puto.

139 3724 247 3790 Lectio
261 3725 318 3790 RV
336 3725 376 3789 ἂν
392 3726 540 3790 καθέζετο
557 3725 589 3787 in
608 3745 635 3787 ν.
649 3725 714 3788 796
731 3721 794 3788 εἶτα
815 3727 938 3802 βινήςαε
955 3727 1073 3790 ἐκεῖθεν
1090 3728 1179 3791 αὖθις

65 3823 95 3886 ἂν
116 3831 259 3892 καθέζετο
284 3828 436 3892 adverbio
455 3829 572 3892 ἐκεῖθεν
591 3827 803 3891 antecedente
826 3827 903 3891 ferri
927 3829 1049 3910 nequit.
1079 3829 1179 3896 Recte

67 3925 237 4009 Blaydesius
261 3935 386 3994 monet:
412 3929 522 3993 “Dura
544 3931 628 3994 foret
649 3931 769 3995 locutio
793 3933 942 3997 καθέζετο
962 3933 1089 4014 ἐκεῖθεν,
1114 3954 1179 3998 non

65 4028 164 4114 addito,
186 4033 356 4116 participio
380 4033 473 4115 quale
497 4039 545 4096 est
564 4033 717 4097 ἀνελθών.
740 4033 855 4098 Facilis
881 4035 959 4099 haee
984 4038 1177 4119 corruptio''.

66 4128 253 4198 desideratur
272 4141 359 4198 certe
378 4135 510 4199 verbum
532 4135 571 4199 ad
590 4138 749 4201 actionem
768 4136 907 4202 abeundi
927 4140 1177 4222 exprimendam.

67 4233 196 4318 Accedit,
238 4237 325 4320 quod
360 4238 469 4302 eadem
506 4238 574 4303 lere
609 4241 835 4303 coniunctione
874 4243 906 4304 et
940 4243 1178 4308 constructione

68 4337 215 4404 verbomm
242 4361 307 4424 qua
336 4343 370 4405 in
396 4361 458 4406 vss.
480 4345 609 4406 rso-t
615 4345 656 4406 96
686 4345 845 4426 ἀνέπτετο,
871 4342 998 4409 εἷτα-
1020 4347 1109 4412 αὖθις
1136 4349 1177 4412 αὖ

108 4477 196 4532 ml.
1034 4471 1051 4524 7
