<?xml version="1.0" encoding="UTF-8"?>
<!DOCTYPE html PUBLIC "-//W3C//DTD XHTML 1.0 Transitional//EN"
    "http://www.w3.org/TR/xhtml1/DTD/xhtml1-transitional.dtd">
<html xmlns="http://www.w3.org/1999/xhtml" xml:lang="en" lang="en">
 <head>
  <title>
</title>
<meta http-equiv="Content-Type" content="text/html;charset=utf-8" />
  <meta name='ocr-system' content='tesseract 3.04.00' />
  <meta name='ocr-capabilities' content='ocr_page ocr_carea ocr_par ocr_line ocrx_word'/>
</head>
<body>
  <div class='ocr_page' id='page_1' title='image "./dissertationesp00unkngoog_0140.png"; bbox 0 0 3084 5228; ppageno 0'>
   <div class='ocr_carea' id='block_1_1' title="bbox 264 511 1190 588">
    <p class='ocr_par' dir='ltr' id='par_1_1' title="bbox 264 511 1190 588">
     <span class='ocr_line' id='line_1_1' title="bbox 264 511 1190 588; baseline 0.001 -15"><span class='ocrx_word' id='word_1_1' title='bbox 264 518 451 587; x_wconf 83' lang='lat' dir='ltr'><strong>Quaestiones</strong></span> <span class='ocrx_word' id='word_1_2' title='bbox 470 518 584 574; x_wconf 78' lang='lat' dir='ltr'>criticae</span> <span class='ocrx_word' id='word_1_3' title='bbox 603 517 633 572; x_wconf 92' lang='lat' dir='ltr'><strong>in</strong></span> <span class='ocrx_word' id='word_1_4' title='bbox 652 517 849 588; x_wconf 79' lang='lat' dir='ltr'><strong>Aristophanis</strong></span> <span class='ocrx_word' id='word_1_5' title='bbox 866 518 986 572; x_wconf 79' lang='lat' dir='ltr'><strong>fabulas,</strong></span> <span class='ocrx_word' id='word_1_6' title='bbox 1129 511 1190 574; x_wconf 87' lang='grc'><strong>127</strong></span> 
     </span>
    </p>
   </div>
   <div class='ocr_carea' id='block_1_2' title="bbox 59 688 1194 3557">
    <p class='ocr_par' dir='ltr' id='par_1_2' title="bbox 68 688 1193 1372">
     <span class='ocr_line' id='line_1_2' title="bbox 71 688 1193 774; baseline -0.002 -19"><span class='ocrx_word' id='word_1_7' title='bbox 71 711 193 755; x_wconf 85' lang='lat' dir='ltr'><strong>manum</strong></span> <span class='ocrx_word' id='word_1_8' title='bbox 208 709 305 774; x_wconf 87' lang='lat' dir='ltr'><strong>saepe</strong></span> <span class='ocrx_word' id='word_1_9' title='bbox 320 691 499 755; x_wconf 86' lang='lat' dir='ltr'><strong>servaverit</strong></span> <span class='ocrx_word' id='word_1_10' title='bbox 510 688 597 754; x_wconf 89' lang='lat' dir='ltr'><strong>solus</strong></span> <span class='ocrx_word' id='word_1_11' title='bbox 610 709 684 754; x_wconf 90' lang='lat' dir='ltr'><strong>cum</strong></span> <span class='ocrx_word' id='word_1_12' title='bbox 696 689 892 770; x_wconf 74' lang='lat' dir='ltr'><strong>Rauennate,</strong></span> <span class='ocrx_word' id='word_1_13' title='bbox 908 688 1071 754; x_wconf 87' lang='lat' dir='ltr'><strong>interdum</strong></span> <span class='ocrx_word' id='word_1_14' title='bbox 1084 709 1193 773; x_wconf 89' lang='lat' dir='ltr'><strong>quam·</strong></span> 
     </span>
     <span class='ocr_line' id='line_1_3' title="bbox 70 792 1193 876; baseline -0.002 -18"><span class='ocrx_word' id='word_1_15' title='bbox 70 796 111 858; x_wconf 84' lang='lat' dir='ltr'><strong>ris</strong></span> <span class='ocrx_word' id='word_1_16' title='bbox 139 814 211 858; x_wconf 88' lang='lat' dir='ltr'><strong>raro</strong></span> <span class='ocrx_word' id='word_1_17' title='bbox 234 793 354 858; x_wconf 90' lang='lat' dir='ltr'><strong>solus”.</strong></span> <span class='ocrx_word' id='word_1_18' title='bbox 389 793 491 857; x_wconf 88' lang='lat' dir='ltr'><strong>Nemo</strong></span> <span class='ocrx_word' id='word_1_19' title='bbox 515 793 579 856; x_wconf 88' lang='lat' dir='ltr'><strong>iam</strong></span> <span class='ocrx_word' id='word_1_20' title='bbox 601 793 702 876; x_wconf 85' lang='lat' dir='ltr'><strong>igitur</strong></span> <span class='ocrx_word' id='word_1_21' title='bbox 724 813 798 857; x_wconf 90' lang='lat' dir='ltr'><strong>cum</strong></span> <span class='ocrx_word' id='word_1_22' title='bbox 822 792 980 857; x_wconf 88' lang='lat' dir='ltr'><strong>Schneeio</strong></span> <span class='ocrx_word' id='word_1_23' title='bbox 1003 793 1109 874; x_wconf 83' lang='grc'>155151,</span> <span class='ocrx_word' id='word_1_24' title='bbox 1138 794 1193 875; x_wconf 93' lang='lat' dir='ltr'><strong>qui</strong></span> 
     </span>
     <span class='ocr_line' id='line_1_4' title="bbox 70 894 1193 981; baseline -0.003 -19"><span class='ocrx_word' id='word_1_25' title='bbox 70 919 94 981; x_wconf 92' lang='lat' dir='ltr'><strong>p.</strong></span> <span class='ocrx_word' id='word_1_26' title='bbox 109 901 127 962; x_wconf 86' lang='lat'>9</span> <span class='ocrx_word' id='word_1_27' title='bbox 146 897 351 962; x_wconf 72' lang='lat' dir='ltr'><strong>Ambrosiam</strong></span> <span class='ocrx_word' id='word_1_28' title='bbox 368 896 403 960; x_wconf 88' lang='lat' dir='ltr'><strong><em>M</em></strong></span> <span class='ocrx_word' id='word_1_29' title='bbox 422 896 576 980; x_wconf 84' lang='lat' dir='ltr'><strong>“prorsus</strong></span> <span class='ocrx_word' id='word_1_30' title='bbox 598 896 729 960; x_wconf 90' lang='lat' dir='ltr'><strong>inanem</strong></span> <span class='ocrx_word' id='word_1_31' title='bbox 753 898 786 959; x_wconf 89' lang='lat' dir='ltr'><strong>et</strong></span> <span class='ocrx_word' id='word_1_32' title='bbox 800 894 956 959; x_wconf 79' lang='lat' dir='ltr'><strong>caducam</strong></span> <span class='ocrx_word' id='word_1_33' title='bbox 972 895 1193 960; x_wconf 88' lang='lat' dir='ltr'><strong>auctoritatem</strong></span> 
     </span>
     <span class='ocr_line' id='line_1_5' title="bbox 68 997 1193 1083; baseline -0.003 -19"><span class='ocrx_word' id='word_1_34' title='bbox 68 1000 226 1083; x_wconf 86' lang='lat' dir='ltr'><strong>iidemque</strong></span> <span class='ocrx_word' id='word_1_35' title='bbox 250 1001 344 1064; x_wconf 87' lang='lat' dir='ltr'><strong>esse”</strong></span> <span class='ocrx_word' id='word_1_36' title='bbox 368 999 501 1082; x_wconf 85' lang='lat' dir='ltr'><strong>putavit</strong></span> <span class='ocrx_word' id='word_1_37' title='bbox 528 999 641 1080; x_wconf 87' lang='lat' dir='ltr'><strong>Itaque</strong></span> <span class='ocrx_word' id='word_1_38' title='bbox 665 998 693 1062; x_wconf 91' lang='lat' dir='ltr'><strong>is</strong></span> <span class='ocrx_word' id='word_1_39' title='bbox 713 999 865 1081; x_wconf 84' lang='lat' dir='ltr'><strong>optimam</strong></span> <span class='ocrx_word' id='word_1_40' title='bbox 883 997 943 1061; x_wconf 83' lang='lat' dir='ltr'><strong>Nb.</strong></span> <span class='ocrx_word' id='word_1_41' title='bbox 959 997 1006 1061; x_wconf 89' lang='lat' dir='ltr'><strong>Pl.</strong></span> <span class='ocrx_word' id='word_1_42' title='bbox 1025 1001 1083 1061; x_wconf 82' lang='lat' dir='ltr'><strong>hv.</strong></span> <span class='ocrx_word' id='word_1_43' title='bbox 1101 997 1193 1061; x_wconf 85' lang='lat' dir='ltr'><strong>iabu-</strong></span> 
     </span>
     <span class='ocr_line' id='line_1_6' title="bbox 69 1100 1192 1185; baseline -0.002 -20"><span class='ocrx_word' id='word_1_44' title='bbox 69 1103 165 1166; x_wconf 88' lang='lat' dir='ltr'><strong>larum</strong></span> <span class='ocrx_word' id='word_1_45' title='bbox 185 1101 360 1167; x_wconf 78' lang='lat' dir='ltr'><strong>editionem</strong></span> <span class='ocrx_word' id='word_1_46' title='bbox 376 1101 522 1165; x_wconf 81' lang='lat' dir='ltr'><strong>criticam</strong></span> <span class='ocrx_word' id='word_1_47' title='bbox 536 1103 701 1185; x_wconf 82' lang='lat' dir='ltr'><strong>paravisse</strong></span> <span class='ocrx_word' id='word_1_48' title='bbox 716 1100 887 1183; x_wconf 81' lang='lat' dir='ltr'><strong>videbitur,</strong></span> <span class='ocrx_word' id='word_1_49' title='bbox 908 1101 962 1183; x_wconf 91' lang='lat' dir='ltr'><strong>qui</strong></span> <span class='ocrx_word' id='word_1_50' title='bbox 979 1103 1017 1164; x_wconf 90' lang='grc'><strong>51</strong></span> <span class='ocrx_word' id='word_1_51' title='bbox 1031 1100 1192 1164; x_wconf 76' lang='lat' dir='ltr'><strong>Volcanus</strong></span> 
     </span>
     <span class='ocr_line' id='line_1_7' title="bbox 68 1202 1193 1288; baseline -0.002 -20"><span class='ocrx_word' id='word_1_52' title='bbox 68 1207 98 1268; x_wconf 92' lang='lat' dir='ltr'><strong>in</strong></span> <span class='ocrx_word' id='word_1_53' title='bbox 112 1207 170 1288; x_wconf 82' lang='lat' dir='ltr'><strong>Eq.</strong></span> <span class='ocrx_word' id='word_1_54' title='bbox 188 1209 222 1269; x_wconf 90' lang='lat' dir='ltr'><strong>et</strong></span> <span class='ocrx_word' id='word_1_55' title='bbox 235 1205 291 1269; x_wconf 88' lang='lat' dir='ltr'><strong>Ra</strong></span> <span class='ocrx_word' id='word_1_56' title='bbox 309 1205 357 1269; x_wconf 89' lang='lat' dir='ltr'><strong>sio</strong></span> <span class='ocrx_word' id='word_1_57' title='bbox 380 1205 413 1267; x_wconf 93' lang='lat' dir='ltr'><strong>in</strong></span> <span class='ocrx_word' id='word_1_58' title='bbox 437 1203 496 1268; x_wconf 92' lang='lat' dir='ltr'><strong>Nb.</strong></span> <span class='ocrx_word' id='word_1_59' title='bbox 513 1205 560 1268; x_wconf 89' lang='lat' dir='ltr'><strong>Pl.</strong></span> <span class='ocrx_word' id='word_1_60' title='bbox 579 1206 636 1270; x_wconf 81' lang='lat' dir='ltr'><strong>Ar.</strong></span> <span class='ocrx_word' id='word_1_61' title='bbox 653 1204 798 1270; x_wconf 91' lang='lat' dir='ltr'><strong>codicem</strong></span> <span class='ocrx_word' id='word_1_62' title='bbox 818 1205 853 1269; x_wconf 89' lang='lat' dir='ltr'>M</span> <span class='ocrx_word' id='word_1_63' title='bbox 871 1204 912 1268; x_wconf 89' lang='lat' dir='ltr'><strong>ad</strong></span> <span class='ocrx_word' id='word_1_64' title='bbox 932 1202 1193 1269; x_wconf 87' lang='lat' dir='ltr'><strong>constituendum</strong></span> 
     </span>
     <span class='ocr_line' id='line_1_8' title="bbox 68 1307 670 1372; baseline -0.002 -1"><span class='ocrx_word' id='word_1_65' title='bbox 68 1309 176 1372; x_wconf 73' lang='lat' dir='ltr'><strong>confici</strong></span> <span class='ocrx_word' id='word_1_66' title='bbox 201 1313 326 1372; x_wconf 85' lang='lat' dir='ltr'><strong>textum</strong></span> <span class='ocrx_word' id='word_1_67' title='bbox 350 1307 542 1372; x_wconf 79' lang='lat' dir='ltr'><strong>adhibuerit</strong></span> <span class='ocrx_word' id='word_1_68' title='bbox 665 1362 670 1370; x_wconf 89' lang='lat'><strong>.</strong></span> 
     </span>
    </p>

    <p class='ocr_par' dir='ltr' id='par_1_3' title="bbox 59 1411 1194 3557">
     <span class='ocr_line' id='line_1_9' title="bbox 151 1411 1193 1494; baseline -0.002 -17"><span class='ocrx_word' id='word_1_69' title='bbox 151 1415 259 1494; x_wconf 84' lang='lat' dir='ltr'><strong>Atque</strong></span> <span class='ocrx_word' id='word_1_70' title='bbox 283 1412 380 1476; x_wconf 86' lang='lat' dir='ltr'><strong>etiam</strong></span> <span class='ocrx_word' id='word_1_71' title='bbox 402 1411 571 1475; x_wconf 86' lang='lat' dir='ltr'><strong>Parisinus</strong></span> <span class='ocrx_word' id='word_1_72' title='bbox 588 1414 618 1476; x_wconf 80' lang='lat' dir='ltr'>A</span> <span class='ocrx_word' id='word_1_73' title='bbox 634 1432 697 1475; x_wconf 92' lang='lat' dir='ltr'><strong>non</strong></span> <span class='ocrx_word' id='word_1_74' title='bbox 722 1415 842 1476; x_wconf 89' lang='lat' dir='ltr'><strong>temere</strong></span> <span class='ocrx_word' id='word_1_75' title='bbox 863 1415 1024 1493; x_wconf 88' lang='lat' dir='ltr'><strong>tamquam</strong></span> <span class='ocrx_word' id='word_1_76' title='bbox 1040 1411 1123 1474; x_wconf 88' lang='lat' dir='ltr'><strong>liber</strong></span> <span class='ocrx_word' id='word_1_77' title='bbox 1139 1411 1193 1475; x_wconf 88' lang='lat' dir='ltr'><strong>de-</strong></span> 
     </span>
     <span class='ocr_line' id='line_1_10' title="bbox 68 1513 1193 1599; baseline -0.002 -20"><span class='ocrx_word' id='word_1_78' title='bbox 68 1518 161 1580; x_wconf 82' lang='lat' dir='ltr'><strong>terior</strong></span> <span class='ocrx_word' id='word_1_79' title='bbox 184 1515 403 1599; x_wconf 85' lang='lat' dir='ltr'><strong>neglegendus</strong></span> <span class='ocrx_word' id='word_1_80' title='bbox 428 1517 484 1578; x_wconf 86' lang='lat' dir='ltr'><strong>est</strong></span> <span class='ocrx_word' id='word_1_81' title='bbox 524 1513 628 1591; x_wconf 77' lang='lat' dir='ltr'><strong>Quem</strong></span> <span class='ocrx_word' id='word_1_82' title='bbox 651 1513 794 1578; x_wconf 88' lang='lat' dir='ltr'><strong>codicem</strong></span> <span class='ocrx_word' id='word_1_83' title='bbox 818 1513 858 1578; x_wconf 94' lang='lat' dir='ltr'><strong>ad</strong></span> <span class='ocrx_word' id='word_1_84' title='bbox 882 1513 1016 1578; x_wconf 86' lang='lat' dir='ltr'><strong>eandem</strong></span> <span class='ocrx_word' id='word_1_85' title='bbox 1039 1513 1193 1578; x_wconf 81' lang='lat' dir='ltr'><strong>familiam</strong></span> 
     </span>
     <span class='ocr_line' id='line_1_11' title="bbox 66 1615 1193 1700; baseline 0 -20"><span class='ocrx_word' id='word_1_86' title='bbox 66 1623 157 1700; x_wconf 86' lang='lat' dir='ltr'><strong>atque</strong></span> <span class='ocrx_word' id='word_1_87' title='bbox 169 1617 271 1682; x_wconf 86' lang='grc'>8-11</span> <span class='ocrx_word' id='word_1_88' title='bbox 284 1617 492 1681; x_wconf 84' lang='lat' dir='ltr'><strong>referendum</strong></span> <span class='ocrx_word' id='word_1_89' title='bbox 504 1636 575 1680; x_wconf 87' lang='lat' dir='ltr'><strong>esse</strong></span> <span class='ocrx_word' id='word_1_90' title='bbox 588 1637 685 1699; x_wconf 90' lang='lat' dir='ltr'><strong>supra</strong></span> <span class='ocrx_word' id='word_1_91' title='bbox 696 1616 845 1681; x_wconf 80' lang='lat' dir='ltr'><strong>vidimus.</strong></span> <span class='ocrx_word' id='word_1_92' title='bbox 872 1616 921 1681; x_wconf 86' lang='lat' dir='ltr'><strong>Ad</strong></span> <span class='ocrx_word' id='word_1_93' title='bbox 938 1615 1193 1681; x_wconf 83' lang='lat' dir='ltr'><strong>confirmandam</strong></span> 
     </span>
     <span class='ocr_line' id='line_1_12' title="bbox 66 1718 1193 1785; baseline -0.001 -1"><span class='ocrx_word' id='word_1_94' title='bbox 66 1725 169 1785; x_wconf 87' lang='lat' dir='ltr'><strong>autem</strong></span> <span class='ocrx_word' id='word_1_95' title='bbox 188 1723 331 1784; x_wconf 82' lang='lat' dir='ltr'><strong>cosham</strong></span> <span class='ocrx_word' id='word_1_96' title='bbox 348 1718 388 1784; x_wconf 90' lang='lat' dir='ltr'><strong>de</strong></span> <span class='ocrx_word' id='word_1_97' title='bbox 405 1719 485 1783; x_wconf 89' lang='lat' dir='ltr'><strong>libro</strong></span> <span class='ocrx_word' id='word_1_98' title='bbox 504 1722 531 1783; x_wconf 83' lang='lat' dir='ltr'>A</span> <span class='ocrx_word' id='word_1_99' title='bbox 547 1721 740 1783; x_wconf 87' lang='lat' dir='ltr'><strong>sententiam</strong></span> <span class='ocrx_word' id='word_1_100' title='bbox 756 1739 821 1782; x_wconf 87' lang='lat' dir='ltr'><strong>non</strong></span> <span class='ocrx_word' id='word_1_101' title='bbox 837 1719 978 1783; x_wconf 91' lang='lat' dir='ltr'><strong>alienum</strong></span> <span class='ocrx_word' id='word_1_102' title='bbox 995 1722 1045 1784; x_wconf 89' lang='lat' dir='ltr'><strong>est</strong></span> <span class='ocrx_word' id='word_1_103' title='bbox 1062 1737 1193 1783; x_wconf 89' lang='lat' dir='ltr'><strong>monere</strong></span> 
     </span>
     <span class='ocr_line' id='line_1_13' title="bbox 64 1823 1193 1906; baseline -0.004 -16"><span class='ocrx_word' id='word_1_104' title='bbox 64 1825 255 1890; x_wconf 86' lang='lat' dir='ltr'><strong>Schneeium</strong></span> <span class='ocrx_word' id='word_1_105' title='bbox 278 1825 312 1887; x_wconf 90' lang='lat' dir='ltr'><strong>in</strong></span> <span class='ocrx_word' id='word_1_106' title='bbox 336 1823 399 1888; x_wconf 88' lang='lat' dir='ltr'><strong>alio</strong></span> <span class='ocrx_word' id='word_1_107' title='bbox 423 1823 539 1904; x_wconf 83' lang='lat' dir='ltr'><strong>libello,</strong></span> <span class='ocrx_word' id='word_1_108' title='bbox 566 1825 622 1905; x_wconf 88' lang='lat' dir='ltr'><strong>qui</strong></span> <span class='ocrx_word' id='word_1_109' title='bbox 645 1823 848 1887; x_wconf 87' lang='lat' dir='ltr'><strong>inscribitur:</strong></span> <span class='ocrx_word' id='word_1_110' title='bbox 873 1823 944 1886; x_wconf 80' lang='lat' dir='ltr'><strong>“De</strong></span> <span class='ocrx_word' id='word_1_111' title='bbox 968 1823 1193 1906; x_wconf 81' lang='lat' dir='ltr'><strong>Aristophanis</strong></span> 
     </span>
     <span class='ocr_line' id='line_1_14' title="bbox 66 1925 1192 2010; baseline -0.001 -20"><span class='ocrx_word' id='word_1_112' title='bbox 66 1928 288 2010; x_wconf 85' lang='lat' dir='ltr'><strong>manuscriptis</strong></span> <span class='ocrx_word' id='word_1_113' title='bbox 318 1925 437 2009; x_wconf 87' lang='lat' dir='ltr'><strong>quibus</strong></span> <span class='ocrx_word' id='word_1_114' title='bbox 467 1925 576 1990; x_wconf 91' lang='lat' dir='ltr'><strong>Ranae</strong></span> <span class='ocrx_word' id='word_1_115' title='bbox 607 1928 640 1989; x_wconf 89' lang='lat' dir='ltr'><strong>et</strong></span> <span class='ocrx_word' id='word_1_116' title='bbox 667 1927 755 1990; x_wconf 83' lang='lat' dir='ltr'><strong>Aves</strong></span> <span class='ocrx_word' id='word_1_117' title='bbox 778 1925 971 1989; x_wconf 90' lang='lat' dir='ltr'><strong>traduntur”</strong></span> <span class='ocrx_word' id='word_1_118' title='bbox 1002 1925 1192 2009; x_wconf 79' lang='lat' dir='ltr'><strong>(Hamburgi</strong></span> 
     </span>
     <span class='ocr_line' id='line_1_15' title="bbox 66 2027 1193 2114; baseline 0 -21"><span class='ocrx_word' id='word_1_119' title='bbox 66 2031 170 2112; x_wconf 86' lang='grc'>1886),</span> <span class='ocrx_word' id='word_1_120' title='bbox 192 2051 223 2114; x_wconf 94' lang='lat' dir='ltr'><strong>p.</strong></span> <span class='ocrx_word' id='word_1_121' title='bbox 241 2033 259 2093; x_wconf 98' lang='grc'>7</span> <span class='ocrx_word' id='word_1_122' title='bbox 277 2030 441 2094; x_wconf 87' lang='lat' dir='ltr'><strong>Ranarum</strong></span> <span class='ocrx_word' id='word_1_123' title='bbox 463 2028 618 2092; x_wconf 90' lang='lat' dir='ltr'><strong>lectiones</strong></span> <span class='ocrx_word' id='word_1_124' title='bbox 643 2027 797 2110; x_wconf 88' lang='lat' dir='ltr'><strong>quasdam</strong></span> <span class='ocrx_word' id='word_1_125' title='bbox 821 2028 1012 2110; x_wconf 86' lang='lat' dir='ltr'><strong>conspicuas</strong></span> <span class='ocrx_word' id='word_1_126' title='bbox 1036 2031 1193 2111; x_wconf 80' lang='lat' dir='ltr'><strong>enatasse,</strong></span> 
     </span>
     <span class='ocr_line' id='line_1_16' title="bbox 64 2129 1193 2216; baseline -0.005 -20"><span class='ocrx_word' id='word_1_127' title='bbox 64 2153 102 2196; x_wconf 90' lang='lat' dir='ltr'><strong>ex</strong></span> <span class='ocrx_word' id='word_1_128' title='bbox 135 2133 254 2216; x_wconf 89' lang='lat' dir='ltr'><strong>quibus</strong></span> <span class='ocrx_word' id='word_1_129' title='bbox 286 2131 503 2216; x_wconf 85' lang='lat' dir='ltr'><strong>colligendum</strong></span> <span class='ocrx_word' id='word_1_130' title='bbox 534 2132 565 2195; x_wconf 92' lang='lat' dir='ltr'><strong>ei</strong></span> <span class='ocrx_word' id='word_1_131' title='bbox 594 2130 765 2194; x_wconf 87' lang='lat' dir='ltr'><strong>videbatur</strong></span> <span class='ocrx_word' id='word_1_132' title='bbox 792 2129 955 2192; x_wconf 81' lang='lat' dir='ltr'><strong>“Parisini</strong></span> <span class='ocrx_word' id='word_1_133' title='bbox 982 2131 1193 2210; x_wconf 85' lang='lat' dir='ltr'><strong>archetypum</strong></span> 
     </span>
     <span class='ocr_line' id='line_1_17' title="bbox 62 2232 1193 2317; baseline 0 -21"><span class='ocrx_word' id='word_1_134' title='bbox 62 2235 147 2299; x_wconf 90' lang='lat' dir='ltr'><strong>idem</strong></span> <span class='ocrx_word' id='word_1_135' title='bbox 170 2254 243 2300; x_wconf 89' lang='grc'>5555</span> <span class='ocrx_word' id='word_1_136' title='bbox 266 2238 362 2317; x_wconf 89' lang='lat' dir='ltr'><strong>atque</strong></span> <span class='ocrx_word' id='word_1_137' title='bbox 378 2232 616 2298; x_wconf 85' lang='lat' dir='ltr'><strong>Ambrosiani&#39;’.</strong></span> <span class='ocrx_word' id='word_1_138' title='bbox 644 2234 713 2298; x_wconf 91' lang='lat' dir='ltr'><strong>Iam</strong></span> <span class='ocrx_word' id='word_1_139' title='bbox 735 2233 823 2297; x_wconf 87' lang='lat' dir='ltr'><strong>locos</strong></span> <span class='ocrx_word' id='word_1_140' title='bbox 847 2233 1038 2296; x_wconf 85' lang='lat' dir='ltr'><strong>aSchneeio</strong></span> <span class='ocrx_word' id='word_1_141' title='bbox 1062 2251 1193 2296; x_wconf 89' lang='lat' dir='ltr'><strong>enumc-</strong></span> 
     </span>
     <span class='ocr_line' id='line_1_18' title="bbox 63 2336 1191 2420; baseline -0.002 -19"><span class='ocrx_word' id='word_1_142' title='bbox 63 2344 155 2420; x_wconf 86' lang='lat' dir='ltr'><strong>ratos‚</strong></span> <span class='ocrx_word' id='word_1_143' title='bbox 183 2337 239 2402; x_wconf 87' lang='lat' dir='ltr'><strong>ubi</strong></span> <span class='ocrx_word' id='word_1_144' title='bbox 263 2337 328 2402; x_wconf 86' lang='lat' dir='ltr'><strong>AM</strong></span> <span class='ocrx_word' id='word_1_145' title='bbox 353 2337 509 2402; x_wconf 82' lang='lat' dir='ltr'><strong>adversus</strong></span> <span class='ocrx_word' id='word_1_146' title='bbox 532 2337 590 2401; x_wconf 90' lang='lat' dir='ltr'><strong>RV</strong></span> <span class='ocrx_word' id='word_1_147' title='bbox 616 2336 819 2417; x_wconf 72' lang='lat' dir='ltr'><strong>concordant</strong></span> <span class='ocrx_word' id='word_1_148' title='bbox 848 2337 1057 2419; x_wconf 86' lang='lat' dir='ltr'><strong>proferimus:</strong></span> <span class='ocrx_word' id='word_1_149' title='bbox 1083 2336 1133 2398; x_wconf 78' lang='lat' dir='ltr'><strong>“v.</strong></span> <span class='ocrx_word' id='word_1_150' title='bbox 1150 2337 1191 2399; x_wconf 90' lang='lat'><strong>53</strong></span> 
     </span>
     <span class='ocr_line' id='line_1_19' title="bbox 63 2439 1192 2522; baseline -0.003 -19"><span class='ocrx_word' id='word_1_151' title='bbox 63 2443 209 2521; x_wconf 69' lang='grc' dir='ltr'>ἐξαίφνης</span> <span class='ocrx_word' id='word_1_152' title='bbox 225 2443 307 2519; x_wconf 79' lang='grc' dir='ltr'>πρὸ(</span> <span class='ocrx_word' id='word_1_153' title='bbox 324 2441 470 2522; x_wconf 76' lang='grc' dir='ltr'>ἐμαυτόν,</span> <span class='ocrx_word' id='word_1_154' title='bbox 494 2461 522 2503; x_wconf 87' lang='lat' dir='ltr'><strong>v.</strong></span> <span class='ocrx_word' id='word_1_155' title='bbox 537 2442 599 2503; x_wconf 93' lang='grc'><strong>157</strong></span> <span class='ocrx_word' id='word_1_156' title='bbox 617 2443 665 2504; x_wconf 89' lang='grc' dir='ltr'><strong>καὶ</strong></span> <span class='ocrx_word' id='word_1_157' title='bbox 681 2442 785 2504; x_wconf 81' lang='grc' dir='ltr'>πολὺν</span> <span class='ocrx_word' id='word_1_158' title='bbox 802 2440 915 2519; x_wconf 86' lang='grc' dir='ltr'>χειρῶν</span> <span class='ocrx_word' id='word_1_159' title='bbox 932 2439 1049 2517; x_wconf 83' lang='grc' dir='ltr'>κρότον</span> <span class='ocrx_word' id='word_1_160' title='bbox 1065 2441 1192 2522; x_wconf 82' lang='lat' dir='ltr'><strong>transp,</strong></span> 
     </span>
     <span class='ocr_line' id='line_1_20' title="bbox 63 2545 1192 2626; baseline 0.003 -22"><span class='ocrx_word' id='word_1_161' title='bbox 63 2565 89 2607; x_wconf 78' lang='lat' dir='ltr'><strong>v.</strong></span> <span class='ocrx_word' id='word_1_162' title='bbox 114 2545 198 2610; x_wconf 90' lang='grc'>1035</span> <span class='ocrx_word' id='word_1_163' title='bbox 221 2565 294 2623; x_wconf 72' lang='grc' dir='ltr'>τεχε</span> <span class='ocrx_word' id='word_1_164' title='bbox 318 2546 415 2625; x_wconf 73' lang='lat' dir='ltr'><strong>(sicli,</strong></span> <span class='ocrx_word' id='word_1_165' title='bbox 438 2565 467 2607; x_wconf 79' lang='lat' dir='ltr'><strong>r.</strong></span> <span class='ocrx_word' id='word_1_166' title='bbox 491 2545 577 2607; x_wconf 88' lang='grc'>1418</span> <span class='ocrx_word' id='word_1_167' title='bbox 601 2545 751 2608; x_wconf 84' lang='grc' dir='ltr'>πλούτων</span> <span class='ocrx_word' id='word_1_168' title='bbox 775 2546 843 2626; x_wconf 62' lang='lat' dir='ltr'><strong>uiro</strong></span> <span class='ocrx_word' id='word_1_169' title='bbox 867 2545 1040 2624; x_wconf 65' lang='lat' dir='ltr'><strong>occurristi),</strong></span> <span class='ocrx_word' id='word_1_170' title='bbox 1069 2564 1097 2607; x_wconf 91' lang='lat' dir='ltr'><strong>v.</strong></span> <span class='ocrx_word' id='word_1_171' title='bbox 1119 2545 1192 2625; x_wconf 86' lang='grc'>103,</span> 
     </span>
     <span class='ocr_line' id='line_1_21' title="bbox 64 2649 1192 2731; baseline 0.003 -21"><span class='ocrx_word' id='word_1_172' title='bbox 64 2650 411 2731; x_wconf 90' lang='grc'>124,191,193,197,</span> <span class='ocrx_word' id='word_1_173' title='bbox 436 2650 510 2730; x_wconf 89' lang='grc'>222,</span> <span class='ocrx_word' id='word_1_174' title='bbox 535 2649 609 2730; x_wconf 88' lang='grc'>268,</span> <span class='ocrx_word' id='word_1_175' title='bbox 634 2650 708 2729; x_wconf 89' lang='grc'>286,</span> <span class='ocrx_word' id='word_1_176' title='bbox 733 2649 807 2730; x_wconf 90' lang='grc'>291,</span> <span class='ocrx_word' id='word_1_177' title='bbox 832 2649 906 2730; x_wconf 92' lang='grc'>296,</span> <span class='ocrx_word' id='word_1_178' title='bbox 932 2649 1006 2729; x_wconf 88' lang='grc'>300,</span> <span class='ocrx_word' id='word_1_179' title='bbox 1027 2649 1101 2713; x_wconf 88' lang='grc'>304.</span> <span class='ocrx_word' id='word_1_180' title='bbox 1118 2650 1192 2731; x_wconf 87' lang='grc'>308,</span> 
     </span>
     <span class='ocr_line' id='line_1_22' title="bbox 62 2749 1194 2832; baseline 0.001 -19"><span class='ocrx_word' id='word_1_181' title='bbox 62 2753 127 2814; x_wconf 88' lang='grc'>329</span> <span class='ocrx_word' id='word_1_182' title='bbox 151 2753 233 2816; x_wconf 85' lang='lat' dir='ltr'><strong>elc.”</strong></span> <span class='ocrx_word' id='word_1_183' title='bbox 265 2750 390 2828; x_wconf 83' lang='lat' dir='ltr'><strong>Quibus</strong></span> <span class='ocrx_word' id='word_1_184' title='bbox 414 2772 455 2816; x_wconf 86' lang='lat' dir='ltr'><strong>ex</strong></span> <span class='ocrx_word' id='word_1_185' title='bbox 480 2751 628 2815; x_wconf 84' lang='lat' dir='ltr'><strong>versibus</strong></span> <span class='ocrx_word' id='word_1_186' title='bbox 653 2749 809 2814; x_wconf 86' lang='lat' dir='ltr'><strong>delendus</strong></span> <span class='ocrx_word' id='word_1_187' title='bbox 833 2754 883 2813; x_wconf 90' lang='lat' dir='ltr'><strong>cst</strong></span> <span class='ocrx_word' id='word_1_188' title='bbox 907 2771 933 2814; x_wconf 92' lang='lat' dir='ltr'><strong>v.</strong></span> <span class='ocrx_word' id='word_1_189' title='bbox 953 2752 1047 2832; x_wconf 91' lang='grc'>1418,</span> <span class='ocrx_word' id='word_1_190' title='bbox 1071 2749 1127 2813; x_wconf 85' lang='grc'><strong>551</strong></span> <span class='ocrx_word' id='word_1_191' title='bbox 1143 2751 1194 2814; x_wconf 88' lang='lat' dir='ltr'><strong>vir</strong></span> 
     </span>
     <span class='ocr_line' id='line_1_23' title="bbox 60 2855 1191 2939; baseline 0.002 -23"><span class='ocrx_word' id='word_1_192' title='bbox 60 2856 116 2918; x_wconf 91' lang='lat' dir='ltr'><strong>ille</strong></span> <span class='ocrx_word' id='word_1_193' title='bbox 144 2855 258 2920; x_wconf 88' lang='lat' dir='ltr'><strong>doctus</strong></span> <span class='ocrx_word' id='word_1_194' title='bbox 280 2855 415 2920; x_wconf 82' lang='lat' dir='ltr'><strong>Valseni</strong></span> <span class='ocrx_word' id='word_1_195' title='bbox 443 2858 629 2939; x_wconf 85' lang='lat' dir='ltr'><strong>apparatum</strong></span> <span class='ocrx_word' id='word_1_196' title='bbox 657 2856 805 2919; x_wconf 85' lang='lat' dir='ltr'><strong>criticum</strong></span> <span class='ocrx_word' id='word_1_197' title='bbox 833 2875 898 2919; x_wconf 90' lang='lat' dir='ltr'><strong>non</strong></span> <span class='ocrx_word' id='word_1_198' title='bbox 923 2858 1010 2919; x_wconf 87' lang='lat' dir='ltr'><strong>recte</strong></span> <span class='ocrx_word' id='word_1_199' title='bbox 1034 2856 1191 2939; x_wconf 83' lang='lat' dir='ltr'><strong>inspexit;</strong></span> 
     </span>
     <span class='ocr_line' id='line_1_24' title="bbox 61 2956 1192 3042; baseline 0.001 -21"><span class='ocrx_word' id='word_1_200' title='bbox 61 2959 127 3022; x_wconf 81' lang='grc' dir='ltr'><strong>ΑΜ</strong></span> <span class='ocrx_word' id='word_1_201' title='bbox 155 2959 242 3023; x_wconf 94' lang='lat' dir='ltr'><strong>enim</strong></span> <span class='ocrx_word' id='word_1_202' title='bbox 269 2957 356 3022; x_wconf 91' lang='lat' dir='ltr'><strong>idem</strong></span> <span class='ocrx_word' id='word_1_203' title='bbox 383 2956 538 3042; x_wconf 87' lang='lat' dir='ltr'><strong>praebent</strong></span> <span class='ocrx_word' id='word_1_204' title='bbox 565 2956 650 3040; x_wconf 92' lang='lat' dir='ltr'><strong>quod</strong></span> <span class='ocrx_word' id='word_1_205' title='bbox 678 2958 746 3040; x_wconf 87' lang='lat' dir='ltr'><strong>RV,</strong></span> <span class='ocrx_word' id='word_1_206' title='bbox 775 2958 900 3022; x_wconf 88' lang='lat' dir='ltr'><strong>scilicet</strong></span> <span class='ocrx_word' id='word_1_207' title='bbox 925 2959 1063 3036; x_wconf 86' lang='grc' dir='ltr'>ποιητήν.</span> <span class='ocrx_word' id='word_1_208' title='bbox 1098 2957 1192 3022; x_wconf 87' lang='lat' dir='ltr'><strong>Locis</strong></span> 
     </span>
     <span class='ocr_line' id='line_1_25' title="bbox 60 3060 1192 3144; baseline 0.002 -21"><span class='ocrx_word' id='word_1_209' title='bbox 60 3065 169 3124; x_wconf 89' lang='lat' dir='ltr'><strong>autem</strong></span> <span class='ocrx_word' id='word_1_210' title='bbox 184 3083 203 3126; x_wconf 90' lang='lat' dir='ltr'><strong>a</strong></span> <span class='ocrx_word' id='word_1_211' title='bbox 218 3063 377 3127; x_wconf 87' lang='lat' dir='ltr'><strong>Schneeio</strong></span> <span class='ocrx_word' id='word_1_212' title='bbox 401 3064 537 3126; x_wconf 87' lang='lat' dir='ltr'><strong>enotatis</strong></span> <span class='ocrx_word' id='word_1_213' title='bbox 561 3061 679 3126; x_wconf 89' lang='lat' dir='ltr'><strong>addere</strong></span> <span class='ocrx_word' id='word_1_214' title='bbox 702 3063 793 3125; x_wconf 85' lang='lat' dir='ltr'><strong>iurat</strong></span> <span class='ocrx_word' id='word_1_215' title='bbox 807 3080 826 3124; x_wconf 92' lang='lat' dir='ltr'><strong>e</strong></span> <span class='ocrx_word' id='word_1_216' title='bbox 840 3061 973 3124; x_wconf 87' lang='lat' dir='ltr'><strong>Velseni</strong></span> <span class='ocrx_word' id='word_1_217' title='bbox 993 3060 1192 3144; x_wconf 89' lang='lat' dir='ltr'><strong>supellectile</strong></span> 
     </span>
     <span class='ocr_line' id='line_1_26' title="bbox 59 3165 1192 3248; baseline -0.001 -21"><span class='ocrx_word' id='word_1_218' title='bbox 59 3166 175 3230; x_wconf 89' lang='lat' dir='ltr'><strong>critica</strong></span> <span class='ocrx_word' id='word_1_219' title='bbox 196 3185 260 3228; x_wconf 89' lang='lat' dir='ltr'><strong>vss.</strong></span> <span class='ocrx_word' id='word_1_220' title='bbox 277 3167 351 3246; x_wconf 84' lang='lat'>359,</span> <span class='ocrx_word' id='word_1_221' title='bbox 375 3167 450 3248; x_wconf 88' lang='grc'>374,</span> <span class='ocrx_word' id='word_1_222' title='bbox 475 3167 550 3248; x_wconf 88' lang='grc'>375,</span> <span class='ocrx_word' id='word_1_223' title='bbox 570 3167 644 3242; x_wconf 91' lang='grc'>389,</span> <span class='ocrx_word' id='word_1_224' title='bbox 660 3166 735 3246; x_wconf 89' lang='grc'>409,</span> <span class='ocrx_word' id='word_1_225' title='bbox 751 3166 826 3245; x_wconf 88' lang='grc'>488,</span> <span class='ocrx_word' id='word_1_226' title='bbox 844 3166 918 3244; x_wconf 87' lang='grc'>519,</span> <span class='ocrx_word' id='word_1_227' title='bbox 935 3166 1009 3245; x_wconf 90' lang='grc'>543,</span> <span class='ocrx_word' id='word_1_228' title='bbox 1026 3165 1100 3245; x_wconf 89' lang='grc'>565,</span> <span class='ocrx_word' id='word_1_229' title='bbox 1118 3165 1192 3248; x_wconf 94' lang='grc'>611,</span> 
     </span>
     <span class='ocr_line' id='line_1_27' title="bbox 60 3268 1192 3350; baseline 0.001 -21"><span class='ocrx_word' id='word_1_230' title='bbox 60 3269 137 3350; x_wconf 89' lang='grc'>620,</span> <span class='ocrx_word' id='word_1_231' title='bbox 162 3269 235 3350; x_wconf 88' lang='grc'>625,</span> <span class='ocrx_word' id='word_1_232' title='bbox 260 3269 335 3349; x_wconf 90' lang='grc'>627,</span> <span class='ocrx_word' id='word_1_233' title='bbox 360 3269 433 3350; x_wconf 92' lang='grc'>671,</span> <span class='ocrx_word' id='word_1_234' title='bbox 459 3271 532 3350; x_wconf 89' lang='grc'>748,</span> <span class='ocrx_word' id='word_1_235' title='bbox 558 3269 632 3349; x_wconf 92' lang='grc'>800,</span> <span class='ocrx_word' id='word_1_236' title='bbox 656 3269 731 3349; x_wconf 90' lang='grc'>829,</span> <span class='ocrx_word' id='word_1_237' title='bbox 751 3269 826 3349; x_wconf 91' lang='grc'>880,</span> <span class='ocrx_word' id='word_1_238' title='bbox 843 3269 917 3347; x_wconf 88' lang='grc'>892,</span> <span class='ocrx_word' id='word_1_239' title='bbox 935 3268 1009 3348; x_wconf 94' lang='grc'>907,</span> <span class='ocrx_word' id='word_1_240' title='bbox 1026 3269 1099 3348; x_wconf 91' lang='grc'>939,</span> <span class='ocrx_word' id='word_1_241' title='bbox 1118 3269 1192 3350; x_wconf 90' lang='grc'>942,</span> 
     </span>
     <span class='ocr_line' id='line_1_28' title="bbox 59 3371 1190 3454; baseline 0 -21"><span class='ocrx_word' id='word_1_242' title='bbox 59 3372 136 3452; x_wconf 90' lang='grc'>946,</span> <span class='ocrx_word' id='word_1_243' title='bbox 162 3372 356 3454; x_wconf 90' lang='grc'>949,1021,</span> <span class='ocrx_word' id='word_1_244' title='bbox 382 3372 478 3453; x_wconf 92' lang='grc'>1067,</span> <span class='ocrx_word' id='word_1_245' title='bbox 505 3373 600 3453; x_wconf 87' lang='grc'>1182,</span> <span class='ocrx_word' id='word_1_246' title='bbox 626 3372 721 3453; x_wconf 90' lang='grc'>1186,</span> <span class='ocrx_word' id='word_1_247' title='bbox 747 3372 843 3450; x_wconf 87' lang='grc'>1188,</span> <span class='ocrx_word' id='word_1_248' title='bbox 869 3371 1190 3452; x_wconf 89' lang='grc'>1195,1228,1302,</span> 
     </span>
     <span class='ocr_line' id='line_1_29' title="bbox 60 3471 1191 3557; baseline 0.003 -22"><span class='ocrx_word' id='word_1_249' title='bbox 60 3474 268 3556; x_wconf 66' lang='grc'>13941422,</span> <span class='ocrx_word' id='word_1_250' title='bbox 283 3475 377 3538; x_wconf 91' lang='grc'>1482.</span> <span class='ocrx_word' id='word_1_251' title='bbox 401 3473 491 3550; x_wconf 85' lang='lat' dir='ltr'><strong>Quae</strong></span> <span class='ocrx_word' id='word_1_252' title='bbox 508 3493 581 3538; x_wconf 92' lang='lat' dir='ltr'><strong>cum</strong></span> <span class='ocrx_word' id='word_1_253' title='bbox 596 3475 642 3537; x_wconf 87' lang='lat' dir='ltr'><strong>ita</strong></span> <span class='ocrx_word' id='word_1_254' title='bbox 657 3475 730 3554; x_wconf 88' lang='grc'>5151,</span> <span class='ocrx_word' id='word_1_255' title='bbox 747 3474 808 3537; x_wconf 84' lang='grc'><strong>555</strong></span> <span class='ocrx_word' id='word_1_256' title='bbox 822 3491 1013 3557; x_wconf 89' lang='lat' dir='ltr'><strong>persuasum</strong></span> <span class='ocrx_word' id='word_1_257' title='bbox 1030 3471 1191 3555; x_wconf 82' lang='grc'>55515551,</span> 
     </span>
    </p>
   </div>
   <div class='ocr_carea' id='block_1_3' title="bbox 55 3575 1193 3966">
    <p class='ocr_par' dir='ltr' id='par_1_4' title="bbox 55 3575 1193 3966">
     <span class='ocr_line' id='line_1_30' title="bbox 56 3575 1193 3661; baseline 0.001 -23"><span class='ocrx_word' id='word_1_258' title='bbox 56 3577 86 3638; x_wconf 89' lang='grc'><strong>51</strong></span> <span class='ocrx_word' id='word_1_259' title='bbox 114 3576 185 3658; x_wconf 89' lang='lat' dir='ltr'><strong>quis</strong></span> <span class='ocrx_word' id='word_1_260' title='bbox 208 3575 358 3640; x_wconf 88' lang='lat' dir='ltr'><strong>omnibus</strong></span> <span class='ocrx_word' id='word_1_261' title='bbox 383 3575 592 3661; x_wconf 80' lang='lat' dir='ltr'><strong>expertibus</strong></span> <span class='ocrx_word' id='word_1_262' title='bbox 615 3578 650 3639; x_wconf 90' lang='grc'><strong>15</strong></span> <span class='ocrx_word' id='word_1_263' title='bbox 674 3575 802 3640; x_wconf 89' lang='lat' dir='ltr'><strong>codices</strong></span> <span class='ocrx_word' id='word_1_264' title='bbox 818 3575 944 3640; x_wconf 87' lang='lat' dir='ltr'><strong>RVMA</strong></span> <span class='ocrx_word' id='word_1_265' title='bbox 961 3577 1143 3640; x_wconf 85' lang='lat' dir='ltr'><strong>accuratius</strong></span> <span class='ocrx_word' id='word_1_266' title='bbox 1160 3579 1193 3640; x_wconf 92' lang='grc'><strong>51</strong></span> 
     </span>
     <span class='ocr_line' id='line_1_31' title="bbox 57 3679 1192 3765; baseline 0.002 -23"><span class='ocrx_word' id='word_1_267' title='bbox 57 3679 246 3761; x_wconf 85' lang='lat' dir='ltr'><strong>diligentius</strong></span> <span class='ocrx_word' id='word_1_268' title='bbox 275 3682 424 3764; x_wconf 81' lang='lat' dir='ltr'><strong>inquiret,</strong></span> <span class='ocrx_word' id='word_1_269' title='bbox 453 3700 528 3744; x_wconf 92' lang='lat' dir='ltr'><strong>eum</strong></span> <span class='ocrx_word' id='word_1_270' title='bbox 555 3699 684 3765; x_wconf 87' lang='lat' dir='ltr'><strong>operam</strong></span> <span class='ocrx_word' id='word_1_271' title='bbox 711 3679 959 3762; x_wconf 87' lang='lat' dir='ltr'><strong>haudquaquam</strong></span> <span class='ocrx_word' id='word_1_272' title='bbox 986 3681 1134 3744; x_wconf 89' lang='lat' dir='ltr'><strong>inutilem</strong></span> <span class='ocrx_word' id='word_1_273' title='bbox 1157 3682 1192 3744; x_wconf 94' lang='lat' dir='ltr'><strong>in</strong></span> 
     </span>
     <span class='ocr_line' id='line_1_32' title="bbox 56 3781 1191 3867; baseline 0.002 -23"><span class='ocrx_word' id='word_1_274' title='bbox 56 3781 208 3846; x_wconf 89' lang='lat' dir='ltr'><strong>codicum</strong></span> <span class='ocrx_word' id='word_1_275' title='bbox 223 3787 406 3848; x_wconf 87' lang='lat' dir='ltr'><strong>nostrorum</strong></span> <span class='ocrx_word' id='word_1_276' title='bbox 421 3782 596 3867; x_wconf 82' lang='lat' dir='ltr'><strong>generibus</strong></span> <span class='ocrx_word' id='word_1_277' title='bbox 611 3786 699 3848; x_wconf 86' lang='lat' dir='ltr'><strong>recte</strong></span> <span class='ocrx_word' id='word_1_278' title='bbox 715 3781 920 3847; x_wconf 90' lang='lat' dir='ltr'><strong>diudicandis</strong></span> <span class='ocrx_word' id='word_1_279' title='bbox 937 3786 970 3846; x_wconf 91' lang='lat' dir='ltr'><strong>et</strong></span> <span class='ocrx_word' id='word_1_280' title='bbox 985 3783 1191 3847; x_wconf 89' lang='lat' dir='ltr'><strong>aestimandis</strong></span> 
     </span>
     <span class='ocr_line' id='line_1_33' title="bbox 55 3888 400 3966; baseline 0.003 -19"><span class='ocrx_word' id='word_1_281' title='bbox 55 3888 296 3966; x_wconf 87' lang='lat' dir='ltr'><strong>praestatumm</strong></span> <span class='ocrx_word' id='word_1_282' title='bbox 320 3904 400 3950; x_wconf 89' lang='grc'>5555.</span> 
     </span>
    </p>
   </div>
   <div class='ocr_carea' id='block_1_4' title="bbox 578 4011 672 4093">
    <p class='ocr_par' dir='ltr' id='par_1_5' title="bbox 578 4011 672 4093">
     <span class='ocr_line' id='line_1_34' title="bbox 578 4011 672 4093; baseline 0.021 -21"><span class='ocrx_word' id='word_1_283' title='bbox 578 4012 597 4093; x_wconf 70' lang='grc' dir='ltr'><strong>ς</strong></span> <span class='ocrx_word' id='word_1_284' title='bbox 623 4011 672 4074; x_wconf 81' lang='lat' dir='ltr'><strong>rr.</strong></span> 
     </span>
    </p>
   </div>
   <div class='ocr_carea' id='block_1_5' title="bbox 54 4125 1191 4314">
    <p class='ocr_par' dir='ltr' id='par_1_6' title="bbox 54 4125 1191 4314">
     <span class='ocr_line' id='line_1_35' title="bbox 151 4125 1191 4212; baseline 0.003 -23"><span class='ocrx_word' id='word_1_285' title='bbox 151 4126 338 4191; x_wconf 82' lang='lat' dir='ltr'><strong>Proximum</strong></span> <span class='ocrx_word' id='word_1_286' title='bbox 362 4131 420 4208; x_wconf 88' lang='grc'>551,</span> <span class='ocrx_word' id='word_1_287' title='bbox 444 4131 481 4192; x_wconf 89' lang='grc'><strong>51</strong></span> <span class='ocrx_word' id='word_1_288' title='bbox 503 4126 680 4209; x_wconf 86' lang='lat' dir='ltr'><strong>rideamus,</strong></span> <span class='ocrx_word' id='word_1_289' title='bbox 703 4146 782 4190; x_wconf 92' lang='lat' dir='ltr'><strong>num</strong></span> <span class='ocrx_word' id='word_1_290' title='bbox 802 4125 885 4192; x_wconf 90' lang='lat' dir='ltr'><strong>duae</strong></span> <span class='ocrx_word' id='word_1_291' title='bbox 902 4129 1045 4210; x_wconf 88' lang='lat' dir='ltr'><strong>reliquae</strong></span> <span class='ocrx_word' id='word_1_292' title='bbox 1061 4148 1102 4192; x_wconf 83' lang='lat' dir='ltr'><strong>ex</strong></span> <span class='ocrx_word' id='word_1_293' title='bbox 1120 4148 1191 4212; x_wconf 86' lang='lat' dir='ltr'><strong>sep-</strong></span> 
     </span>
     <span class='ocr_line' id='line_1_36' title="bbox 54 4229 1190 4314; baseline 0.004 -22"><span class='ocrx_word' id='word_1_294' title='bbox 54 4231 127 4292; x_wconf 85' lang='lat' dir='ltr'><strong>tem</strong></span> <span class='ocrx_word' id='word_1_295' title='bbox 153 4229 216 4294; x_wconf 89' lang='lat' dir='ltr'><strong>illis</strong></span> <span class='ocrx_word' id='word_1_296' title='bbox 243 4229 372 4312; x_wconf 71' lang='lat' dir='ltr'><strong>fabulis</strong></span> <span class='ocrx_word' id='word_1_297' title='bbox 401 4251 483 4313; x_wconf 90' lang='lat' dir='ltr'><strong>quae</strong></span> <span class='ocrx_word' id='word_1_298' title='bbox 512 4231 595 4296; x_wconf 89' lang='lat' dir='ltr'><strong>etR</strong></span> <span class='ocrx_word' id='word_1_299' title='bbox 620 4233 653 4294; x_wconf 89' lang='lat' dir='ltr'><strong>et</strong></span> <span class='ocrx_word' id='word_1_300' title='bbox 675 4231 706 4291; x_wconf 91' lang='lat' dir='ltr'><strong>V</strong></span> <span class='ocrx_word' id='word_1_301' title='bbox 726 4229 946 4314; x_wconf 85' lang='lat' dir='ltr'><strong>adservantur,</strong></span> <span class='ocrx_word' id='word_1_302' title='bbox 970 4231 1094 4314; x_wconf 86' lang='lat' dir='ltr'><strong>Vespas</strong></span> <span class='ocrx_word' id='word_1_303' title='bbox 1118 4231 1190 4297; x_wconf 89' lang='lat' dir='ltr'><strong>dico</strong></span> 
     </span>
    </p>
   </div>
   <div class='ocr_carea' id='block_1_6' title="bbox 54 4330 1191 4520">
    <p class='ocr_par' dir='ltr' id='par_1_7' title="bbox 54 4330 1191 4520">
     <span class='ocr_line' id='line_1_37' title="bbox 54 4330 1191 4415; baseline 0.006 -22"><span class='ocrx_word' id='word_1_304' title='bbox 54 4335 93 4394; x_wconf 90' lang='lat' dir='ltr'><strong>et</strong></span> <span class='ocrx_word' id='word_1_305' title='bbox 117 4330 240 4415; x_wconf 80' lang='lat' dir='ltr'><strong>Pacem</strong></span> <span class='ocrx_word' id='word_1_306' title='bbox 263 4335 309 4397; x_wconf 84' lang='lat' dir='ltr'><strong>ita</strong></span> <span class='ocrx_word' id='word_1_307' title='bbox 331 4332 467 4398; x_wconf 83' lang='lat' dir='ltr'><strong>traditae</strong></span> <span class='ocrx_word' id='word_1_308' title='bbox 491 4335 564 4415; x_wconf 82' lang='grc'>5151,</span> <span class='ocrx_word' id='word_1_309' title='bbox 587 4335 625 4398; x_wconf 88' lang='grc'><strong>51</strong></span> <span class='ocrx_word' id='word_1_310' title='bbox 648 4352 826 4398; x_wconf 89' lang='lat' dir='ltr'><strong>consensus</strong></span> <span class='ocrx_word' id='word_1_311' title='bbox 849 4334 935 4398; x_wconf 87' lang='lat' dir='ltr'><strong>inter</strong></span> <span class='ocrx_word' id='word_1_312' title='bbox 958 4333 979 4398; x_wconf 88' lang='lat' dir='ltr'>S</span> <span class='ocrx_word' id='word_1_313' title='bbox 1003 4337 1036 4397; x_wconf 89' lang='lat' dir='ltr'><strong>ct</strong></span> <span class='ocrx_word' id='word_1_314' title='bbox 1058 4334 1118 4398; x_wconf 89' lang='lat' dir='ltr'><strong>RV</strong></span> <span class='ocrx_word' id='word_1_315' title='bbox 1137 4335 1191 4400; x_wconf 77' lang='lat' dir='ltr'><strong>de·</strong></span> 
     </span>
     <span class='ocr_line' id='line_1_38' title="bbox 54 4434 348 4520; baseline 0.01 -24"><span class='ocrx_word' id='word_1_316' title='bbox 54 4434 216 4517; x_wconf 86' lang='lat' dir='ltr'><strong>prehendi</strong></span> <span class='ocrx_word' id='word_1_317' title='bbox 238 4437 348 4520; x_wconf 84' lang='lat' dir='ltr'><strong>possit</strong></span> 
     </span>
    </p>
   </div>
   <div class='ocr_carea' id='block_1_7' title="bbox 0 0 1546 5228">
    <p class='ocr_par' dir='ltr' id='par_1_8' title="bbox 0 0 1546 5228">
     <span class='ocr_line' id='line_1_39' title="bbox 0 0 1546 5228; baseline 0 5"><span class='ocrx_word' id='word_1_318' title='bbox 0 0 1546 5228; x_wconf 95' lang='lat' dir='ltr'><strong> </strong></span> 
     </span>
    </p>
   </div>
  </div>
 </body>
</html>
