3078 5228
359 468 402 532 80
780 472 878 528 Josef
894 471 1068 542 Albertus,

358 663 421 710 uns
443 644 666 728 Thuhydidos3
696 645 790 708 daboi
817 645 861 709 ist
887 663 922 708 os
950 643 1171 708 bezeichnend
1193 643 1248 707 for
1271 645 1341 726 ihn,
1368 643 1423 708 ἀοῖ
1442 664 1472 708 or

358 749 393 812 in
425 750 539 814 seiron
571 749 665 814 zwolf
693 747 972 814 Foldhorrnroden
1002 747 1120 830 gorado
1152 746 1264 812 drocen
1291 748 1388 812 τόπος
1416 749 1472 810 oin-

357 853 521 936 gehendor
540 853 689 918 ousfiihrt
711 852 778 916 und
803 854 913 934 strong
932 851 1086 928 saohhoh,
1109 850 1173 914 fast
1190 850 1409 932 systematisoh
1428 849 1472 914 dio

357 956 427 1019 sich
447 955 786 1040 ontgegonstehondon
802 954 1005 1020 Streithofto
1020 952 1283 1036 gogoneinander
1297 952 1472 1036 abzuwhgen

357 1056 444 1121 liebt.
467 1058 537 1122 Vor
552 1057 611 1121 dor
630 1057 837 1122 Soosohlaoht
849 1061 896 1122 im
912 1059 1155 1124 horinthisohon
1171 1058 1367 1124 Meorhuson
1383 1056 1472 1119 hohen

356 1158 409 1224 dio
429 1158 703 1225 Lacedaemonier
726 1159 779 1224 dio
794 1161 939 1226 Vorteilo
956 1161 1015 1226 der
1033 1149 1289 1244 Uborlegonheit
1316 1181 1357 1224 an
1372 1159 1474 1224 Sohifi-

357 1264 436 1344 zahl,
460 1263 517 1328 dos
541 1264 771 1347 Stropunktes
794 1265 853 1330 der
875 1265 1028 1350 Hopliton
1052 1265 1110 1329 auf
1132 1264 1204 1328 dem
1224 1262 1317 1328 Laud
1340 1263 1404 1326 und
1427 1261 1474 1324 dor

357 1367 578 1450 wuohtigoren
601 1366 805 1450 Angriffsorh
838 1367 921 1431 Dom
943 1365 1130 1450 gogoniibor
1148 1366 1225 1430 heht
1243 1366 1414 1429 Phormion
1431 1364 1474 1427 dio

355 1468 490 1552 grhssero
523 1468 749 1532 Ειίιιίιτουλοίλ
779 1468 838 1532 dor
863 1469 1010 1534 Athonor
1035 1470 1081 1532 im
1109 1468 1294 1552 Soehampf‚
1326 1467 1386 1532 den
1416 1468 1474 1530 hin·

356 1570 526 1654 gobonden
539 1570 611 1636 Mut
623 1570 691 1636 und
704 1571 886 1655 iiborhoupt
897 1571 949 1635 die
962 1571 1130 1637 technisoh
1143 1571 1340 1655 iiborlogone
1355 1570 1474 1634 attisoho

357 1674 586 1740 Sohiffsmaoht
608 1675 733 1738 horvor.

370 1788 459 1872 Redo
483 1788 541 1852 dor
562 1789 882 1855 lacedaemonisohon
1058 1788 1147 1854 Rode
1170 1759 1380 1853 Phormiono:

516 1891 713 1955 Foldhorron
725 1913 732 1956 :

400 2007 499 2072 Thuo.
507 2007 547 2088 Π,
557 2007 667 2090 87,4ί.
677 2009 767 2087 ὑμῶν
777 2012 813 2073 δὲ
823 2009 895 2074 οὐδ’
994 2009 1036 2091 11,
1049 2011 1101 2092 89,
1117 2008 1166 2072 21.
1188 2059 1194 2072 .
1212 2058 1220 2070 .
1237 2059 1243 2070 .
1261 2009 1302 2072 οὐ
1318 2009 1358 2072 δι’
1370 2009 1441 2072 ἄλλο
1453 2029 1474 2071 τι

276 2143 279 2150 ·
355 2113 373 2190 ἡ
410 2111 533 2189 ἀπειρία
566 2115 721 2175 τοςοιῖτον
761 2112 895 2176 λείπεται
949 2117 1117 2191 θαρςοῡςιν
1152 2113 1172 2189 ἢ
1204 2113 1256 2174 διὰ
1284 2114 1343 2188 τὴν
1374 2112 1408 2176 ἐν
1437 2117 1473 2192 τῷ

356 2214 432 2278 δεον
448 2215 549 2296 τόλμῃ
568 2215 737 2292 προέχετε·
753 2217 856 2278 τῶνδε
874 2215 893 2293 ἡ
948 2221 1033 2300 πεζῷ
1046 2214 1206 2292 ἐμπειρίαν
1215 2215 1253 2276 τὰ
1269 2217 1365 2280 πλείω
1378 2234 1474 2291 κατορ

356 2317 512 2398 ἐπιςτήμη,
532 2317 571 2394 ἢν
591 2315 717 2394 μάλιςτα
736 2321 893 2400 φοβεῖςθε,
949 2323 1093 2397 θοῦντες,
1118 2318 1167 2381 καὶ
1191 2317 1310 2380 οἴονται
1335 2319 1413 2397 ςφίςι
1434 2316 1474 2378 καὶ

355 2419 488 2497 ἀνδρίαν
501 2421 557 2496 μὲν
572 2418 689 2497 ἔχουςα
706 2422 754 2483 καὶ
771 2422 893 2499 μνήμην
948 2423 1039 2504 ἐντῷ
1052 2425 1189 2501 ναυτικῷ
1201 2420 1387 2496 ποιήςειντὸ
1399 2418 1473 2481 αὐτό.

355 2523 414 2586 ἕξει
445 2522 547 2604 ἐντῷ
577 2525 671 2603 δεινῷ
700 2522 894 2587 ἐπιτελεῑνᾶ
947 2527 983 2588 τὸ
997 2523 1068 2586 δ’ἐκ
1077 2525 1137 2585 τοῦ
1150 2523 1269 2585 δικαίου
1282 2523 1355 2599 ἡμῖν
1365 2525 1474 2600 μᾶλλον

354 2621 478 2704 ἔμαθεν,
503 2623 579 2690 ἀνευ
606 2626 641 2686 δέ
664 2624 817 2703 εὐψυχίας
839 2625 893 2690 οὐ·
947 2629 1007 2692 νῦν
1021 2626 1182 2705 περιέςται,
1198 2624 1286 2702 εἴπερ
1299 2628 1349 2688 καὶ
1363 2624 1473 2687 τούτοις

355 2713 445 2804 δεμία
467 2727 562 2805 τέχνη
587 2728 668 2804 πρὸς
690 2730 765 2792 τοὺς
789 2732 893 2794 κινδύ-
947 2732 983 2795 έν
993 2731 1111 2809 ἐκείνῳ,
1121 2725 1187 2790 ἐπεὶ
1197 2726 1377 2809 εὐψυχίᾳγε
1388 2725 1472 2790 οὐδὲν

354 2849 432 2892 νους
449 2819 552 2907 ίςχύέι.
572 2832 679 2909 φόβος
692 2833 753 2908 γὰρ
771 2833 892 2910 μνήμην
947 2833 1176 2911 προφέρουςιν,
1204 2833 1250 2910 τῷ
1279 2832 1316 2892 δὲ
1345 2829 1472 2905 ἑκάτεροι

355 2931 520 3012 έκπλήςςει,
538 2933 631 3011 τέχνη
649 2937 685 2996 δέ
702 2933 779 2997 ἄνευ
797 2933 893 3012 ἀλκῆς
948 2936 1163 3013 ἐμπειρότεροι
1193 2927 1272 2994 εἶναι
1301 2929 1472 3009 θραςύτεροί

253 3106 256 3111 ,
355 3032 452 3097 οὐδὲν
464 3035 588 3113 ὠφελεῖ
608 3038 690 3114 πρὸς
707 3039 764 3114 μέν
780 3037 839 3100 οὖν
855 3039 891 3101 τὸ
947 3036 1037 3112 έςμεν
1054 3083 1060 3096 .
1075 3083 1101 3096 ..
1119 3036 1158 3112 μή
1176 3035 1215 3110 δὴ
1230 3032 1337 3096 αι’ττιῖιν
1349 3037 1404 3112 τὴν
1412 3034 1472 3096 τόλ-

354 3135 576 3216 ἐμπειρότερον
600 3138 761 3203 αὐτῶντὸ
780 3144 893 3218 τολμη-
947 3157 1010 3214 μον
1030 3139 1146 3215 δείςητε
1165 3187 1172 3200 .
1190 3187 1219 3200 ..
1240 3137 1404 3200 ἀντίπαλοι
1426 3138 1472 3212 μὲν

354 3238 489 3317 ρδτερον
514 3239 711 3306 ἀντιτάξαςθε
730 3292 737 3305 .
755 3291 785 3305 ..
808 3263 892 3320 περι·
946 3240 1006 3317 γὰρ
1031 3239 1060 3303 οἱ
1082 3241 1224 3320 πλείους,
1253 3240 1360 3317 ὥςπερ
1388 3237 1472 3305 οὗτοι.

353 3343 486 3416 γίγνεται
499 3345 535 3404 δέ
548 3342 618 3420 ὑμῖν
629 3343 754 3420 πλῆθός
764 3363 796 3406 τε
806 3348 892 3407 νειῖιν
945 3347 983 3424 τῇ
1000 3343 1130 3417 δυνάμει
1144 3343 1182 3404 τὸ
1203 3343 1305 3405 πλέον
1325 3344 1439 3406 πίςυνοι
1456 3339 1473 3414 λ

355 3445 405 3506 καὶ
430 3443 512 3520 πρὸς
539 3450 576 3527 τῇ
607 3451 645 3526 γῇ
678 3446 774 3528 οἰκείᾳ
805 3445 890 3530 οὔςη,
945 3451 982 3528 τῇ
994 3447 1105 3528 γνώμῃ
1118 3441 1472 3523 ἐπέρχονται...πολλιί

355 3548 493 3611 ὁπλιτῶν
516 3548 690 3625 παρόντων
712 3552 890 3627 ναυμαχεῖν.
947 3550 982 3611 δέ
1006 3549 1055 3610 καὶ
1078 3548 1274 3626 ςτρατόπεδα
1293 3546 1353 3624 ἢδη
1373 3546 1472 3608 ἔπεςεν

353 3649 393 3714 τὰ
413 3652 448 3713 δέ
466 3652 571 3713 πολλὰ
585 3654 650 3714 τῶν
667 3652 826 3715 πλειόνων
842 3653 892 3714 καὶ
946 3647 1000 3713 ὑπ’
1016 3649 1199 3714 ἐλαςςόνων
1216 3655 1254 3732 τῇ
1274 3649 1403 3730 ἀπειρίᾳ,
1419 3645 1470 3708 {m

355 3750 485 3829 ἀμεινον
520 3754 820 3832 παρεςκευαςμένων
854 3754 891 3817 τὸ
946 3756 982 3816 δὲ
1001 3752 1021 3815 ἃ
1041 3754 1090 3816 καί
1107 3758 1145 3835 τῇ
1164 3752 1303 3835 ἀτολμίᾳ.
1327 3750 1373 3815 ὡν
1390 3749 1471 3813 οὐδε-

355 3855 470 3934 κράτος
493 3855 581 3920 ἐςτίν.
945 3857 1040 3934 τέρου
1064 3857 1125 3918 νιῖν
1149 3856 1235 3933 ἡμεῖς
1260 3856 1434 3934 μετέχομεν.

443 3957 571 4022 Ebenso
603 3961 684 4023 ἀείτί
711 3959 885 4022 Phormion
916 3957 989 4022 dom
1019 3957 1198 4020 tohtisohen
1223 3956 1392 4021 Vorhaben
1421 3951 1470 4015 dor

355 4060 636 4143 Lacedaemonior,
669 4081 727 4125 aus
760 4061 818 4124 dor
849 4061 1056 4124 Soosohlaoht
1079 4059 1152 4123 eino
1175 4058 1408 4123 Landsohlooht
1434 4073 1467 4116 zu

354 4164 498 4245 machon,
524 4163 579 4226 das
603 4168 775 4243 ναυμαχεῖν
797 4163 832 4227 in
856 4163 910 4226 ein
928 4167 1115 4241 πεζομαχεῖν
1133 4182 1173 4225 zu
1194 4161 1402 4240 νοπυιιιιάοίιι,
1424 4156 1468 4218 dio

355 4267 467 4350 oigeno
494 4266 606 4330 Taktik
638 4267 695 4330 dor
717 4266 991 4330 Schiffsmanhvor
1021 4264 1077 4329 auf
1105 4265 1206 4328 hohor
1234 4264 1295 4328 See
1324 4271 1467 4346 entgegen

355 4372 450 4433 untor
469 4369 570 4432 πολλοι
588 4371 805 4452 Ausniitzung
820 4369 876 4432 dos
893 4369 1044 4450 VortoiIS,
1068 4367 1132 4434 don
1150 4368 1267 4432 leiohte
1287 4367 1403 4433 Sohihe
1420 4381 1468 4445 go
