3058 5222
245 505 433 574 Quaestiones
452 507 569 562 criticae
587 507 618 560 in
636 506 835 576 Aristophanis
854 505 974 561 fabulas.
1112 500 1174 562 221

44 700 82 741 an
107 679 277 762 interpreti
302 679 430 742 cuidam
454 677 617 760 debeatur,
642 678 708 760 qui,
728 697 804 743 cum
826 679 862 741 in
884 677 966 741 libro
990 698 1049 742 suo
1066 679 1177 758 ἱερεῡτι

43 803 99 865 pro
118 782 251 865 vulgata
269 781 407 845 lectione
431 783 608 859 {coniciant
626 781 788 844 invenerit
808 784 865 845 aut
883 780 1090 845 scribendum
1107 799 1177 844 esse

43 885 171 968 putarit,
195 882 368 967 proverbe
389 888 535 964 χαρεῑεαι,
555 883 675 966 quippe
694 884 780 965 quod
802 903 876 948 oum
896 883 1097 948 substantivo
1113 888 1178 948 τοῑε

42 989 154 1066 ἱερεῡα
177 987 260 1050 male
284 987 494 1050 coniunctum
519 987 579 1069 ipsi
600 986 773 1068 videretur,
793 990 938 1066 φανεῖται
957 1007 975 1051 e
992 987 1178 1051 coniectura

43 1091 180 1173 son'psit
212 1089 327 1172 Neque
350 1109 427 1152 vero
450 1088 534 1153 bene
557 1107 592 1152 se
620 1088 717 1153 habet
746 1089 883 1153 verbum
911 1095 1063 1169 φανεῖται.
1094 1089 1177 1153 Nam

43 1214 116 1258 cum
142 1194 177 1255 in
198 1213 226 1256 ν.
245 1193 308 1256 269
329 1191 477 1256 Socrates
496 1191 608 1256 Nubes
626 1193 777 1274 precatus
796 1192 845 1268 sit,
870 1198 906 1255 ut
925 1196 1122 1276 apparerent,
1147 1195 1178 1256 et

42 1317 127 1360 unus
151 1299 277 1360 tantum
300 1295 451 1359 hocloco
474 1295 573 1374 ἱερεὺτ
597 1295 648 1374 sit,
675 1315 790 1379 nempe
811 1297 879 1379 ipse
900 1295 1055 1377 Socrates,
1077 1297 1178 1379 scrip-

41 1407 114 1464 tura
132 1404 199 1463 ταῑε
218 1399 329 1477 ἱερεῦτι
345 1403 488 1477 φανεῖται
508 1397 578 1461 sine
597 1397 664 1461 ulla
684 1397 883 1462 dubitatione
902 1398 1102 1483 repudianda
1122 1405 1177 1462 est

42 1503 215 1567 Praeterea
243 1520 356 1584 parum
383 1501 478 1584 “apta
508 1502 556 1565 sic
585 1501 672 1564 foret
699 1502 886 1565 coniunctio
917 1503 974 1582 καί,
1003 1501 1178 1564 dicendum

43 1607 129 1670 euim
154 1605 271 1670 fuisset
299 1605 405 1688 potius
434 1607 557 1683 φάνητε
584 1610 629 1687 τῷ
659 1604 732 1682 ἱερεῑ
759 1603 984 1686 ὑπακούταται,
1015 1603 1178 1680 ὁεξὸμεναι

41 1713 98 1786 τὴν
124 1707 264 1790 θυτίαν”,
297 1713 335 1771 ut
362 1728 437 1772 cum
466 1707 659 1772 Leeuwenio
690 1707 810 1789 loquar.
839 1706 913 1770 Non
937 1707 1056 1770 iniuria
1079 1707 1180 1790 Igitur

42 1812 81 1874 ab
106 1810 286 1875 editoribus
314 1813 445 1894 recepta
472 1816 548 1874 sunt
574 1810 672 1874 verba
701 1813 766 1874 ταῑε
793 1809 898 1888 ἱεροῑει
922 1815 1066 1889 χαρεῑται,
1095 1828 1178 1891 quae

43 1917 143 1979 etiam
168 1917 204 1978 A.
229 1913 395 1978 Dieterich
418 1915 453 1976 in
477 1913 561 1976 Mus,
578 1913 679 1977 Rhen.
697 1912 848 1994 XLVIII,
868 1915 962 1994 1893,
979 1933 1007 1995 p.
1025 1914 1089 1976 282
1109 1915 1179 1975 tue-

42 2023 103 2100 tur,
128 2017 189 2081 ubi
213 2016 253 2080 de
277 2015 429 2100 precibus
458 2017 598 2081 Socratis
628 2017 662 2078 in
687 2035 748 2080 vss.
774 2017 952 2079 263-274
975 2017 1081 2079 fusius
1106 2015 1179 2098 egit.

565 2202 583 2280 β
611 2200 660 2262 12.

134 2326 243 2389 Pluti
258 2346 287 2387 v.
305 2327 369 2389 765
386 2324 445 2388 RV
463 2325 511 2388 sic
534 2323 705 2388 exhibent:
731 2325 893 2400 εὐαγγέλια
919 2345 950 2389 τε
973 2328 1180 2405 κριβανωτῶν

42 2433 87 2510 (ἐκ
113 2449 197 2492 corr.
222 2447 264 2492 ex
288 2427 324 2491 ἐν
347 2432 553 2505 κριβανωτῶν
574 2427 613 2508 V)
633 2427 767 2504 ὀρμαθῶ
791 2428 881 2508 (mut.
905 2428 938 2489 in
960 2427 1112 2507 ὀρμαθῶν
1128 2427 1179 2508 R4,

42 2533 179 2611 ὀρμάθω
204 2531 253 2611 V).
278 2529 382 2594 Schol.
408 2530 437 2591 V
460 2530 578 2594 lemma
600 2529 732 2613 praebet
760 2531 793 2593 ἐν
818 2535 1022 2610 κριβανωτῶν
1046 2531 1180 2612 ὁρμαθῷ

43 2635 153 2699 addita
178 2635 407 2718 explicatione:
437 2637 642 2713 κριβανωτῶν
666 2636 701 2696 δὲ
727 2633 869 2716 ὁρμαθῷ,
899 2634 966 2698 ἀντὶ
988 2637 1047 2697 τοῦ
1072 2631 1181 2711 ἄρτων

43 2741 142 2822 secar,
159 2737 196 2801 ἑν
216 2738 353 2818 κριβάνῳ
379 2737 585 2815 ὠπτημένων,
608 2737 683 2798 ὁὲον
706 2735 800 2799 εἰπεῖν
821 2734 1098 2819 cremauerunt.
1117 2753 1179 2798 reo.

43 2842 192 2904 adnotat:
216 2841 371 2918 γράφεται
388 2842 423 2902 δὲ
446 2841 496 2902 καὶ
520 2837 554 2901 ἐκ
578 2843 784 2916 κριβανωτῶν
802 2837 944 2921 ὁρμαθῷ.
962 2838 1066 2914 Quam
1082 2837 1180 2901 schol.

44 2946 168 3008 variam
197 2943 371 3006 lectionem
399 2940 611 3025 spernendam
636 2959 705 3004 esse
730 2959 770 3004 ex
794 2943 855 3005 Av,
877 2943 940 3004 672
965 2962 994 3025 p.
1014 2942 1074 3004 167
1101 2945 1182 3004 trao-

43 3055 108 3111 tato
135 3049 277 3130 apparet.
301 3045 493 3127 Ὀρμαθῶῷ)
517 3047 624 3108 autem
652 3043 681 3107 R
705 3051 738 3108 et
761 3043 893 3124 ὁρμάθω
917 3044 948 3107 V
971 3042 1086 3106 menda
1112 3061 1182 3106 esse

42 3172 100 3234 pro
132 3170 211 3214 vero
242 3150 376 3232 ὁρμαθῷ
400 3152 475 3231 (-ῶι)
499 3167 593 3212 nemo
617 3168 682 3211 non
707 3146 803 3211 videt.
836 3149 944 3230 Atque
968 3149 1087 3230 optimo
1112 3147 1182 3210 iure

44 3254 218 3338 BergkiuS,
242 3251 436 3336 Meinekius,
452 3252 622 3330 Velsenus,
646 3251 700 3314 alii
726 3250 878 3329 ἀναὸῆται
897 3287 939 3296 -
961 3251 1093 3332 ὁρμαθῷ
1110 3249 1181 3312 sine

44 3356 286 3440 praepositione
303 3357 338 3418 ἐν
354 3356 562 3439 scripserunt.
587 3354 669 3417 Nam
690 3352 824 3416 verbum
850 3353 1001 3429 ἀναὸῆται
1025 3371 1099 3414 cum
1115 3350 1182 3414 solo

44 3459 156 3524 dativo
173 3458 329 3541 coniungi
345 3456 500 3521 docemur
515 3456 562 3520 PI.
576 3458 639 3520 589
653 3457 761 3534 tripete
778 3456 908 3518 ἀναδῶν
926 3457 1002 3518 robe
1020 3459 1183 3534 νικῶνται,

45 3562 140 3626 Pind.
153 3561 179 3624 I.
200 3560 225 3640 I,
242 3561 285 3624 28
300 3565 366 3623 τῶν
390 3559 523 3637 ἀθρόοι(
546 3559 755 3637 ἀνὸητάμενοι
779 3557 908 3635 θαμάκιε
933 3558 1051 3635 ἔρνετιν
1068 3558 1182 3637 χαίτας,

45 3667 67 3730 1.
93 3666 139 3746 ΙΙ,
166 3666 207 3727 15
241 3664 382 3741 Δωρίων
410 3663 497 3744 αὐτῷ
526 3662 717 3739 ττεφάνωμα
745 3661 827 3743 κόμᾳ
855 3661 976 3736 πέμπεν
1006 3659 1184 3723 ἀναδεῑεθαι

45 3770 191 3846 τελίνων,
205 3765 243 3827 Ρ.
256 3764 297 3840 Π,
311 3765 330 3826 6
349 3765 530 3842 τηλαυγὲειν
546 3762 697 3841 ἀνέδητεν
714 3763 879 3840 Ὀρτυγίαν
900 3763 1074 3843 ετεφάνοιε,
1094 3761 1128 3824 Ρ.
1143 3760 1183 3842 X,

44 3873 87 3935 40
101 3871 217 3950 δάφνᾳ
232 3887 266 3930 τε
282 3868 396 3949 χρυεὲᾳ
408 3866 508 3943 κόμα(
525 3866 737 3942 ἀναὸήταντεε
753 3864 993 3929 εἰλαπινάζοιτιν
1006 3863 1183 3944 εὐφρόνως,

45 3971 205 4052 Bacchyl.
228 3969 288 4050 IX,
307 3970 348 4033 16
372 3969 484 4051 (Blass.
509 3966 556 4032 ed.
581 3967 748 4048 1111904)
777 3967 902 4031 ἄνθετιν
927 3968 1045 4032 ξανθὰν
1069 3968 1185 4043 ἀναδη-

45 4077 186 4153 τάμενοε
203 4072 355 4152 κεφαλὰν,
371 4069 524 4135 Herodot.
541 4070 566 4149 I,
585 4072 647 4134 195
665 4075 826 4148 κομῶντετ
845 4073 881 4132 δὲ
903 4071 959 4133 τὰε
983 4069 1125 4147 κεφαλὰς
1141 4071 1185 4145 μί-

45 4198 134 4260 τρῃει
167 4174 365 4255 ἀναδέονται,
393 4173 538 4255 Thucyd.
562 4172 619 4252 IV,
644 4174 705 4235 121
734 4174 792 4236 τὸν
823 4172 977 4250 Βραείὸαν
1006 4209 1049 4217 -
1078 4175 1184 4252 χρυεῷ

47 4277 201 4360 ττεφάνιρ
226 4277 390 4358 ἀνέδηταν,
410 4276 481 4340 aliis
497 4275 586 4339 locis.
604 4275 672 4338 Iam
697 4294 771 4339 cum
786 4295 851 4338 vox
876 4278 1081 4355 κριβανωτῶν
1101 4279 1185 4337 stare

46 4384 194 4464 nequeat
224 4377 275 4461 (cf.
304 4378 514 4461 Blaydesium
548 4376 589 4440 ad
613 4377 642 4441 h.
666 4397 695 4441 ν.
727 4381 759 4441 et
789 4377 1032 4458 Leeuwenium,
1064 4377 1120 4459 qui
1152 4377 1186 4439 in
