3058 5222
333 436 399 500 230
758 443 873 498 Victor
896 443 1038 513 Coulon,

422 615 493 678 Vss
513 616 731 680 1040-1041
757 615 835 680 inR
858 616 907 680 sic
927 615 1138 680 exhibentur:
1163 619 1257 695 φῶτα
1279 617 1452 691 λιτομέναν·

332 719 572 796 πολυδάκρυτον
589 719 676 782 Ἀίδα
703 720 785 793 γόον
809 721 992 798 φεύγουεαν
1022 719 1212 800 (φλέγουταν
1236 717 1452 800 Musgravius).

330 819 370 882 Ιπ
393 820 536 885 scholii
559 821 639 885 haec
661 821 812 904 deinceps
841 822 1124 904 interpretamenta
1146 819 1359 904 praebentur:
1389 824 1453 884 δεο-

331 925 407 1002 μένη
430 927 489 987 τοῦ
514 925 687 1003 βαρβάρου.
720 923 784 987 Ηίο
807 925 907 1006 igitur
928 923 1100 988 scholiasta
1123 927 1218 1004 φάττα
1241 924 1388 1000 λιτομὲνα
1410 924 1453 985 in-

329 1027 427 1090 venit.
463 1026 556 1090 Alius
584 1027 750 1110 interpres,
779 1046 852 1090 curn
881 1026 1013 1090 adderet
1039 1030 1191 1104 προεῖπεν
1215 1029 1250 1089 δὲ
1273 1029 1391 1100 γοᾶεθὲ
1413 1045 1453 1104 με,

329 1127 355 1191 ὦ
383 1133 528 1204 γυναῖκες
561 1131 600 1210 (ν.
619 1130 725 1210 1036),
756 1134 851 1210 φῶτα
882 1129 1046 1206 λιτομέναν
1075 1128 1160 1212 legit
1195 1127 1322 1192 Tertius
1350 1135 1452 1192 autem

327 1232 553 1314 grammaticus
585 1232 706 1295 variam
737 1231 907 1296 lectionem
940 1236 1034 1311 φῶτα
1068 1231 1162 1312 (φῶτ’
1197 1231 1453 1306 Ruthertordius)

327 1333 486 1411 ἀντομὲνα
505 1339 738 1398 commemorat.
771 1333 919 1417 Denique
939 1339 1051 1417 quarta
1073 1335 1232 1417 scriptura
1250 1340 1376 1416 praesto
1396 1334 1454 1396 fuit

327 1435 356 1500 ei
373 1437 570 1518 scholiastae,
594 1437 650 1518 qui
666 1437 904 1501 animadvertit:
929 1440 1027 1501 τοῦτο
1043 1437 1107 1514 ἔχει
1123 1439 1203 1501 νοῦν
1218 1439 1301 1514 πρὸ(
1315 1439 1355 1500 τὰ
1372 1437 1453 1513 thir·

326 1539 409 1619 φῶτ’
426 1540 603 1617 ἀντομέναν
622 1541 659 1604 ὃ(
683 1540 730 1618 ἔμ’
747 1541 922 1619 ἀπεξύρηεε
939 1545 1078 1618 πρῶτον.
1103 1539 1155 1603 Ad
1175 1539 1261 1603 hunc
1281 1540 1388 1604 locum
1408 1559 1453 1602 sa-

325 1641 466 1705 nandum
497 1643 635 1726 primum
662 1643 844 1724 inquiratur
866 1661 999 1707 necesse
1023 1651 1080 1724 est,
1103 1645 1212 1706 utrum
1235 1643 1451 1706 nominativus

324 1763 365 1807 an
389 1745 592 1808 accusativus
615 1749 703 1809 recte
719 1764 754 1809 se
771 1745 894 1810 habeat
925 1745 1037 1810 Iudice
1053 1745 1181 1826 Engero
1198 1745 1452 1809 “nominativum

324 1854 356 1911 et
371 1849 471 1912 oratio
488 1849 623 1930 requirit
639 1854 671 1912 et
687 1848 874 1913 scholiastae
891 1851 1065 1912 auctoritas
1082 1849 1283 1912 confirmat'’.
1308 1849 1451 1932 lingems

323 1950 421 2033 igitur
444 1950 550 2015 verbis
573 1957 669 2031 φῶτα
691 1955 836 2029 λττομὲνα
860 1989 902 1998 -
927 1955 1087 2033 φλέγοντα
1110 1972 1185 2016 cum
1209 1952 1254 2016 ὡ(
1277 1954 1375 2029 μὲλεα
1400 1957 1451 2030 μὲν

322 2056 468 2118 πέπονθα
497 2056 606 2132 μὲλεοε
636 2055 818 2118 coniunctis
847 2057 892 2118 ita
915 2057 1025 2120 vertit:
1054 2057 1119 2118 iam
1146 2056 1280 2138 indigna
1304 2074 1450 2139 perpessa

321 2175 393 2219 sum
423 2157 530 2219 virum
558 2157 728 2221 obsecrans
756 2158 790 2220 in
819 2158 922 2223 flebili
950 2158 1041 2222 luctu
1070 2177 1149 2222 meo.
1186 2157 1248 2222 Sed
1277 2159 1389 2222 nescio
1412 2178 1448 2220 an

320 2264 459 2341 praestet
481 2261 701 2323 accusativum
721 2265 814 2341 φῶτα
833 2262 999 2338 λιτομέναν
1018 2260 1058 2324 ad
1076 2261 1192 2336 γοᾶεθὲ
1213 2261 1243 2338 μ’
1264 2261 1396 2342 referre,
1417 2263 1451 2324 ut
1519 2331 1520 2342 ,

319 2360 480 2425 locossic
504 2366 662 2426 vertatur:
692 2363 892 2427 Miseremini
915 2364 987 2443 mei,
1011 2384 1029 2427 0
1055 2363 1214 2444 mulieres
1238 2399 1283 2411 -
1307 2385 1381 2427 nam
1405 2365 1449 2426 in·
1519 2355 1520 2370 ¹

320 2463 417 2544 digne
436 2484 588 2548 perpessa
604 2485 676 2528 sum
692 2503 735 2512 —
751 2467 856 2529 virum
873 2466 1070 2530 obsecrantis
1088 2467 1122 2530 in
1138 2466 1241 2531 flebili
1260 2467 1351 2530 luctu
1371 2486 1447 2530 meo.

319 2567 431 2648 Neque
460 2569 546 2632 enirn
574 2569 693 2632 iniuria
721 2569 918 2632 Fritzschius
946 2569 980 2631 in
1011 2569 1116 2633 adnot.
1138 2569 1177 2632 ad
1209 2571 1238 2633 h.
1255 2590 1284 2632 v,
1306 2571 1445 2635 monuit:

319 2668 506 2747 ’λιτομέναν
530 2670 623 2734 docta
647 2691 685 2734 ac
709 2691 838 2755 prorsus
858 2672 1019 2754 exquisita
1042 2671 1138 2736 lectio
1158 2679 1213 2736 est
1245 2673 1356 2736 Licuit
1375 2692 1447 2736 sane

318 2771 441 2854 vulgari
460 2773 554 2836 modo
574 2773 726 2855 scribere,
749 2779 844 2855 φῶτα
862 2777 1018 2856 λιτομένα,
1042 2775 1168 2838 scilicet
1188 2778 1283 2852 μέλεα
1302 2777 1445 2840 πέπονθα

317 2875 423 2937 virum
447 2875 618 2940 obsecrans
645 2875 777 2960 indigna
805 2896 954 2960 perpessa
982 2897 1062 2941 sum.
1099 2880 1142 2941 At
1169 2879 1256 2942 enim
1285 2879 1446 2961 praecedit

317 2978 413 3041 etiam
436 2977 525 3058 illud,
548 2981 666 3053 γοᾶτθὲ
690 2979 730 3061 μ’,
746 2980 785 3042 ad
811 2980 896 3062 quod
916 2980 1060 3062 verbum,
1085 3001 1184 3062 quum
1208 2981 1242 3043 in
1263 2987 1329 3045 tota
1348 3001 1445 3046 enon·
1518 3017 1519 3060 ,

317 3079 449 3144 tiatione
472 3082 660 3164 primarium
688 3083 737 3164 sit,
765 3083 867 3165 magis
894 3084 1020 3166 poetice
1049 3103 1110 3148 nec
1138 3085 1322 3167 refragante
1350 3103 1444 3148 sensu

316 3184 483 3266 participia
505 3183 786 3248 accomodantur”.
810 3185 878 3248 Iam
902 3186 1061 3268 scripture
1083 3187 1112 3250 R
1135 3186 1267 3251 detensa
1293 3187 1443 3264 dicamus

317 3286 475 3367 quomodo
506 3288 594 3349 varie
624 3286 721 3350 lectio
755 3287 914 3364 ἀντομὲνα
946 3289 1137 3371 explicanda
1166 3291 1216 3353 sit.
1252 3290 1342 3366 Quae
1376 3291 1441 3354 sine

251 3389 256 3404 '
316 3387 414 3451 dubio
433 3408 474 3452 ex
494 3389 610 3452 litteris
628 3395 656 3454 λι
675 3395 707 3453 et
725 3412 743 3455 ν
762 3390 959 3456 maiusculae
977 3392 1100 3456 tonnae
1119 3394 1325 3475 permutatis:
1352 3413 1442 3472 φαττα

315 3490 349 3553 ΛΙ
373 3491 423 3572 (Ν)
448 3493 605 3574 originem
636 3493 737 3556 duxit
773 3493 922 3575 Denique
952 3500 989 3558 ut
1019 3495 1187 3578 participia
1211 3499 1379 3574 λιτομέναν
1402 3530 1439 3539 --
1517 3533 1518 3588 τ

315 3596 495 3672 φλέγουταν
524 3596 681 3677 particula
711 3617 775 3659 non
807 3597 980 3661 coniuncta
1011 3597 1227 3680 illustrentur,
1262 3616 1440 3682 comparere

314 3696 391 3760 licet
412 3697 533 3760 similes
549 3699 804 3762 constructiones
823 3700 855 3762 in
873 3702 933 3763 Av.
952 3701 1091 3783 620sqq.
1116 3700 1150 3765 ἐν
1172 3705 1268 3765 ταῑετν
1293 3703 1437 3778 κομάροιε

315 3801 363 3862 καὶ
385 3803 449 3863 τοῑτ
474 3801 607 3865 κοτίνοιτ
633 3803 758 3866 ετάντεε
788 3803 914 3880 ἔχοντε(
937 3805 1045 3880 κριθὰε
1069 3809 1101 3867 et
1123 3803 1178 3866 Ra.
1197 3804 1361 3886 l3llsqq.
1378 3805 1439 3875 τὲτ·

314 3922 422 3975 γουται
451 3904 567 3966 νοτίοιο
602 3909 729 3981 πτερῶν
764 3905 860 3981 ῥανίτι
896 3906 978 3983 χρόα
1012 3908 1242 3986 δροειζὸμενατ,
1278 3907 1333 3970 ubi
1370 3905 1437 3967 ride

315 4003 428 4067 Kochii
453 4003 557 4068 adnot.
